2934 4775
693 263 845 355 At...

218 464 289 520 tirus
310 464 357 520 ille
378 470 450 536 part.
471 463 520 518 lut.
543 479 615 535 pass.
639 461 799 532 consilium,
820 461 915 530 linem,
937 460 1104 516 voluntatem
1126 459 1267 530 exprimit,
1289 466 1317 525 ut

220 582 323 638 graece
346 566 482 637 genitivus
497 566 602 621 articuli
624 581 684 621 cum
698 564 828 620 infinitivo
847 564 949 633 janctis
973 563 1072 634 quippe
1084 562 1151 618 illud
1170 557 1243 617 idem
1263 568 1316 630 est,

218 686 252 724 ao
273 670 296 724 si
311 670 419 725 Tacitus
436 670 563 725 dixisset:
579 668 736 741 Aeppptam
754 668 965 741 proficiscitur,
987 674 1019 721 at
1041 666 1240 737 antiquitatem
1261 681 1316 719 co-

217 779 368 843 paosccrct
393 767 456 837 ³⁸).
502 773 601 827 Vemm
623 771 677 826 boc
707 769 772 825 loco
796 786 884 841 neque
914 769 950 826 da
971 769 1089 824 consilio
1111 774 1157 824 aut
1178 767 1317 823 voluntate

218 891 309 930 sermo
331 882 391 944 est,
413 889 501 943 neque
524 880 590 943 part.
618 872 666 927 fut.
688 888 761 943 pass.
784 873 893 944 legitur.
938 872 997 928 Nec
1018 872 1105 942 magis
1126 871 1180 926 buo
1201 870 1318 941 pertinet

218 978 355 1047 genitivus
378 992 510 1047 graecus,
534 992 612 1046 quem
634 976 760 1031 Waltber
781 975 868 1031 attulit
890 990 927 1031 ex
949 975 1074 1046 Xenopb.
1098 974 1200 1043 Cyrop.
1222 974 1263 1041 V,
1287 971 1316 1041 2,

221 1081 247 1134 7.
276 1058 340 1153 Tria
362 1063 527 1154 θυγατέρα
658 1066 870 1141 πενθικῶς
892 1060 1067 1146 ἔχουσαν
1086 1063 1146 1129 τοῦ
1170 1053 1338 1150 111111φοῦΙ

219 1159 429 1255 τεθνηκότος.
472 1181 538 1237 lude
559 1181 644 1251 enim,
667 1182 741 1251 quod
757 1197 858 1252 graeca
870 1182 954 1236 verba
975 1179 1088 1251 lugendi
1103 1178 1250 1250 genitiumm
1269 1193 1317 1233 re-

220 1289 301 1353 gunt,
330 1299 411 1340 nemo
441 1290 517 1339 certe
540 1283 670 1353 colliget,
698 1283 798 1338 latinos
828 1283 978 1354 scriptores
1014 1283 1099 1338 verba
1120 1280 1238 1352 urgendi
1260 1295 1318 1336 cum

219 1385 341 1455 genitivo
372 1386 556 1457 conjunxisse.
600 1386 745 1441 Postremo
775 1385 799 1440 si
828 1401 888 1442 cum
915 1384 1084 1441 Doederlino
1112 1382 1219 1454 ellipsin
1240 1383 1317 1438 vocis

222 1490 421 1544 criminatione
435 1495 586 1557 statueres,
610 1502 716 1542 omnam
732 1487 858 1557 modum,
881 1487 925 1558 qui
948 1488 1051 1559 ellipsis
1065 1487 1126 1542 usui
1147 1492 1190 1542 est
1203 1486 1317 1556 pontus,

221 1591 320 1661 egredi
342 1590 468 1647 auderes.
512 1591 687 1660 Nequaquam
709 1589 780 1644 enim
794 1589 855 1645 talia
877 1589 979 1661 ellipsis
1002 1590 1113 1647 tolerari
1135 1594 1244 1660 potest,
1266 1586 1318 1644 uisi

218 1693 298 1748 locus
334 1692 406 1748 11111
440 1694 467 1748 11
497 1695 605 1749 modurn
628 1692 814 1748 constituitur:
842 1694 918 1749 male
954 1694 1169 1750 odamaistratae
1198 1693 1320 1764 procin-

219 1796 283 1850 ciaa
323 1796 445 1868 aliisque
475 1794 638 1852 canantius
673 1793 845 1866 arpebatar,
880 1802 909 1851 ut
937 1812 973 1851 ex
1003 1795 1165 1851 crinnmius
1195 1793 1321 1865 siugula-

219 1896 258 1951 ris
288 1898 405 1953 crimine
435 1898 469 1953 ad
498 1898 645 1969 genitivum
665 1898 833 1971 prouinciae
854 1897 1028 1968 intelligatur.
1073 1899 1139 1952 Tum
1160 1896 1244 1953 lectio
1266 1912 1320 1951 co-

221 1998 290 2054 dicis
313 2000 491 2073 aliorumque
512 2003 659 2056 criminum
680 2001 744 2056 inde
772 2007 830 2056 orta
852 2000 942 2070 toret,
966 2000 1038 2070 quod
1059 2000 1155 2056 horum
1176 2000 1321 2056 verborum

216 2103 432 2158 terminationem
459 2103 636 2174 praecedenti
663 2103 784 2172 genitivo
814 2104 889 2158 male
912 2104 1130 2159 administratae
1148 2102 1317 2180 provinciae

220 2205 336 2261 stolidus
358 2207 482 2261 librarius
497 2206 656 2261 assimilarit.
700 2206 773 2261 Vide
796 2221 865 2275 quae
880 2206 915 2261 de
930 2206 1051 2261 secundo
1067 2205 1193 2262 uitiorum
1215 2219 1320 2275 genere

217 2323 299 2379 supra
322 2307 445 2364 disserui.
489 2308 620 2379 Equidem
650 2313 739 2363 tamen
768 2307 985 2363 emendationem
1006 2308 1125 2365 Ernestii
1146 2306 1320 2379 praetulerim

216 2418 247 2466 ut
268 2411 407 2468 leniorem.

319 2515 362 2570 Ex
384 2531 435 2586 ea,
459 2530 536 2586 quam
559 2515 689 2585 diximus,
714 2515 878 2572 contusione
898 2516 966 2572 illud
989 2531 1097 2586 quoque
1120 2515 1210 2571 uitium
1232 2519 1319 2568 ortum

217 2623 277 2689 est,
302 2617 376 2689 quod
397 2617 498 2673 librarii
513 2619 628 2675 liedieei
649 2619 755 2674 tertiam
768 2636 916 2692 personam
937 2620 1005 2691 plur.
1021 2620 1090 2691 perf.
1113 2624 1142 2674 et
1159 2618 1317 2688 plusquam-

215 2720 286 2791 pori.
314 2722 444 2792 temporis
479 2738 668 2793 nonnunquam
697 2729 881 2793 permutarunt
913 2717 975 2788 ³⁴).
1026 2724 1062 2778 Ut
1091 2721 1210 2777 omittam
1231 2700 1318 2775 'locos

216 2839 298 2895 supra
320 2823 433 2894 allatos,
456 2825 489 2879 Α.
511 2825 575 2895 1111,
599 2823 648 2879 31.
673 2824 756 2879 codd·
779 2830 807 2878 et
829 2831 892 2879 vett.
916 2823 978 2879 edd.
1001 2823 1036 2878 ad
1057 2823 1210 2878 Ernestium
1231 2836 1318 2891 usque

218 2932 246 2981 et
261 2942 346 2997 nuper
363 2927 426 2982 edd.
441 2926 611 2998 Kiesslingii,
633 2927 784 2996 Waltberi,
807 2925 917 2995 Baebii,
940 2925 1054 2996 Ritteri,
1077 2925 1216 2995 Rupertii,
1237 2924 1317 2979 Doe-

217 3027 314 3082 derlini
337 3028 466 3083 exhibent
488 3030 582 3084 caesis
612 3030 660 3100 qui
681 3030 862 3098 restiterant,
892 3028 1024 3098 majorim
1046 3035 1227 3083 consectatus
1250 3067 1257 3081 .
1280 3065 1317 3080 ..

217 3128 367 3185 detrahere
389 3146 472 3184 armo
487 3132 626 3202 suspectis
648 3172 655 3186 .
678 3168 686 3186 .
709 3166 718 3185 .
742 3168 750 3186 .
770 3138 858 3202 parat
879 3147 930 3202 pro
949 3132 1070 3187 lectione
1092 3130 1135 3187 od.
1149 3130 1219 3201 Spir.
1242 3144 1317 3184 cae·

216 3234 255 3288 ais
279 3233 327 3306 qai
348 3233 529 3301 restiterant,
553 3248 631 3302 quam
652 3231 776 3303 Ernest,
804 3231 896 3305 Brut,
919 3232 1044 3305 Bipont,
1069 3231 1177 3302 Oberl.,
1207 3230 1316 3287 Bekker

207 3336 381 3421 probarunt,
413 3349 545 3403 quamque
572 3351 636 3390 usus
664 3334 795 3405 loquendi
825 3335 925 3407 poscit.
974 3335 1015 3390 Gi.
1046 3333 1079 3391 Α.
1108 3335 1137 3407 1,
1167 3334 1217 3390 38.
1246 3339 1315 3390 extr.

219 3502 276 3511 ...-
280 3503 300 3509 -.
311 3505 344 3510 ,--
350 3503 471 3510 -.-.........

234 3631 282 3697 53)
301 3632 341 3684 De
359 3633 410 3685 hoc
429 3649 477 3685 usu
496 3635 608 3702 genitivi
625 3643 692 3701 part.
715 3636 762 3686 lut.
786 3649 856 3700 pass.
874 3634 936 3685 vide
954 3631 1058 3687 llamsh.
1076 3651 1102 3701 p.
1119 3634 1188 3698 652,
1213 3634 1316 3699 Zumpt·

302 3719 328 3778 §.
347 3717 397 3770 tot
416 3719 458 3771 ed.
475 3719 542 3782 vll,
559 3719 661 3786 Reisig.
680 3720 705 3779 §.
723 3718 776 3773 428
793 3728 820 3770 et
837 3722 1021 3772 annotationes
1039 3722 1154 3773 virorum
1167 3721 1313 3783 doctorum,

302 3819 366 3872 quas
385 3807 599 3856 commemoravit
616 3805 726 3857 Haasius
745 3804 778 3855 ad
796 3806 907 3874 Reisigii
919 3805 1019 3857 librum
1036 3815 1091 3860 not.
1109 3805 1169 3863 586.

234 3889 282 3955 51)
301 3890 427 3943 Similiter
444 3891 518 3942 biart.
535 3890 594 3955 Xll,
618 3889 651 3956 3,
676 3890 719 3944 18.
743 3890 830 3943 codex
850 3891 988 3944 Tbuaneus
1006 3890 1085 3944 habet
1103 3893 1249 3944 clamabant
1264 3908 1313 3959 pro

302 3976 459 4032 clamabunt.
498 3976 603 4028 Multam
627 3979 654 4028 iu
673 3977 810 4030 codicibus
828 3979 953 4031 Varronis
977 3979 1160 4033 comunionem
1177 3978 1313 4030 indicativi

301 4070 328 4114 et
339 4063 518 4127 coniunctivi,
538 4079 570 4115 ex
583 4061 717 4115 literarum
734 4081 752 4114 a
762 4071 789 4115 et
803 4064 1002 4118 insimilitudine
1015 4073 1107 4130 ortam,
1125 4068 1209 4134 tangit
1222 4064 1312 4119 Odoir.

301 4148 411 4202 Mueller
428 4147 515 4204 Praei.
531 4166 559 4225 p.
576 4149 653 4203 xxti.
