2934 4775
624 284 777 377 *33-

115 466 211 537 'b'ent
243 493 329 538 aaran
362 478 482 552 fanano
511 469 687 553 praecipites
717 480 890 537 Germani
923 484 955 538 s'n
986 500 1098 542 amnena
1126 494 1253 559 aptantur

146 620 154 637 .
179 622 187 638 .
208 622 216 642 .
238 583 246 639 ἰ
270 584 374 640 .s‘rtem
397 582 570 640 Germani
594 582 795 655 asapiampro
822 585 897 641 iden
924 586 1083 643 Verania
1109 588 1251 661 effnpiwn.

343 780 415 844 De
437 780 600 860 quinto
622 781 844 858 vitiorum
872 797 1056 862 gernere.

254 905 347 979 Saepe
367 891 500 964 in'codd.
523 907 653 963 Medbeis
667 908 768 964 iactam
790 915 850 979 cst,
873 915 901 964 ut
923 909 1024 966 librarii
1034 911 1152 967 nltimam
1165 929 1250 985 prae-

149 1010 272 1067 cedentis
290 1011 417 1066 vocabuli
438 1010 542 1066 literam
557 1017 602 1065 aut
622 1010 735 1081 primam
749 1011 888 1081 sequentis
904 1012 1073 1084 omitterent,
1096 1014 1119 1069 si
1142 1016 1249 1086 qnando

147 1089 233 1168 altera
255 1129 312 1170 vox
325 1113 358 1168 ab
381 1112 477 1169 eadem
490 1112 568 1169 litera
590 1113 754 1184 incipiebat,
775 1115 803 1169 in
819 1127 896 1184 qnam
910 1115 994 1171 altera
1008 1115 1151 1173 desinebat
1175 1114 1248 1190 ²²);

147 1215 182 1270 (le
206 1232 260 1287 qno
283 1216 458 1287 corruptelae
481 1231 585 1288 genere
608 1216 644 1272 ni.
666 1217 804 1272 Drakenb.
827 1217 861 1271 ad
884 1213 940 1273 Liv.
964 1216 1015 1288 39,
1039 1218 1068 1287 6,
1091 1219 1119 1274 2.
1163 1218 1248 1291 Hujus

143 1317 201 1374 vitii
224 1318 356 1391 exemplis
379 1319 430 1374 alin
447 1305 580 1389 (praedam¹
598 1318 746 1389 immiscui,
770 1319 867 1390 quibus
888 1319 916 1374 in
934 1319 1050 1378 enodem
1064 1321 1125 1378 iere
1139 1323 1249 1380 modom

145 1428 289 1493 peccatum
312 1427 367 1478 cst:
397 1421 530 1477 interdum
560 1420 630 1477 eninr
653 1411 749 1478 mediis
778 1423 805 1478 in
827 1421 970 1479 vocabulis
992 1423 1131 1494 simplices
1151 1425 1250 1485 literae

125 1541 199 1596 .pro
221 1525 365 1595 geminatis
389 1524 508 1596 scriptae
530 1531 599 1580 sont.

252 1625 286 1682 A.
300 1626 328 1697 Ι,
342 1625 370 1682 8.
394 1627 486 1683 codex
508 1626 620 1682 exhibet
634 1626 832 1698 anteferentes
841 1641 894 1698 pro
908 1628 1126 1699 anteferrentur.
1149 1625 1249 1688 (bil.

144 1729 182 1785 ad
205 1746 256 1786 aas
269 1745 320 1800 pro
344 1728 382 1784 ad
404 1729 480 1786 deos.
502 1728 535 1784 0.
556 1729 607 1785 Ab.
626 1733 680 1801 per
696 1732 897 1801 panepenna
914 1728 1080 1802 aamnpro
1097 1750 1152 1805 par
1170 1751 1246 1807 qaae

148 1835 275 1904 aperitur
303 1832 402 1887 barnas
451 1831 486 1887 A.
508 1831 550 1901 ll,
575 1833 602 1885 7.
632 1830 737 1887 Obatcs
759 1838 787 1887 et
809 1832 962 1887 Gbatorans
991 1849 1043 1903 pro
1073 1836 1188 1892 OEattos
1217 1843 1248 1894 et

147 1934 328 1990 Gbattorara.
364 1933 396 1988 A.
418 1933 472 2003 lll,
504 1931 551 1988 ts.
581 1934 705 1989 victorio
732 1936 847 2010 sacrari
874 1949 926 2004 pro
942 1936 1095 1991 'victorias
1124 1941 1249 1997 sanan.
1352 2003 1353 2008 .

146 2035 181 2092 0:
203 2034 252 2091 31.
277 2035 361 2091 lectio
385 2036 446 2091 cod.
474 2034 509 2090 ll.
539 2041 687 2091 oratorem
708 2043 806 2092 aetate
833 2030 992 2092 abanmns
1021 2045 1086 2093 erat
1100 2045 1175 2095 ²ortn
1204 2048 1249 2098 est
1320 2057 1322 2060 ·

145 2137 181 2195 e'x
203 2117 337 2209 scriptura
360 2137 501 2209 archetypi
531 2146 678 2193 aratmnns
707 2154 723 2194 e
753 2147 847 2194 aetate
876 2155 904 2194 a.
927 2147 991 2195 erat
1018 2149 1069 2210 pro
1098 2151 1245 2200 crateram

141 2231 172 2298 e‘a
203 2250 296 2298 aetate
324 2258 353 2296 a.
383 2247 456 2296 errat.
504 2239 539 2295 A.
567 2240 621 2310 Ν,
650 2240 700 2297 35.
729 2242 835 2297 aeram
863 2257 914 2313 pro
937 2243 1059 2299 deerant
1084 2240 1155 2317 ²⁸),
1178 2261 1245 2304 mox

136 2353 254 2419 patres:
277 2351 306 2401 et
326 2352 493 2401 manserant
512 2359 565 2416 pro
577 2353 740 2417 petresset
756 2354 938 2403 *manserant
969 2347 1002 2404 A.
1018 2348 1053 2418 V,
1077 2344 1124 2405 ii).
1139 2351 1242 2424 qnippe

27 2502 30 2507 .
142 2449 252 2521 lapsam
272 2463 324 2519 pro
348 2448 448 2520 qnippe
476 2448 612 2520 elapsam.
656 2447 689 2502 A.
712 2448 767 2518 Vl,
791 2447 840 2504 at.
871 2452 983 2506 modom
1005 2449 1159 2508 obsidionale
1186 2468 1239 2526 pro

140 2552 166 2606 in
188 2548 491 2619 pedemontanae,
519 2536 579 2605 nbl
595 2551 764 2621 praepositio
793 2554 824 2606 in
844 2568 860 2607 a
883 2553 961 2610 litera
980 2566 1010 2608 ns
1038 2554 1168 2626 absorpta
1190 2562 1242 2613 est.

141 2650 173 2709 A.
196 2652 249 2723 xl,
279 2652 306 2708 2.
333 2653 389 2708 init.
421 2652 518 2725 Poppe
545 2667 596 2723 pro
626 2653 742 2725 Poppee
768 2653 785 2708 i.
808 2670 832 2710 e.
862 2655 1017 2726 Poppaeae.
1067 2655 1102 2712 A.
1129 2657 1183 2727 xl,
1212 2654 1241 2715 A.

141 2757 254 2811 domam
275 2750 355 2810 snam
384 2757 504 2811 nestoris
532 2772 583 2826 pro
606 2756 718 2811 donam
740 2771 820 2811 snam
842 2756 996 2814 lineatoris.
1032 2757 1063 2812 Ο.
1086 2758 1136 2814 29.
1164 2761 1242 2816 eirca

140 2876 238 2916 aecem
254 2856 389 2914 Caesaris
407 2872 456 2929 pro
473 2875 497 2913 c.
511 2875 537 2913 n.
561 2857 591 2913 (l.
609 2857 751 2915 Caesaris.
775 2859 805 2914 0.
824 2856 872 2914 30.
892 2859 980 2932 peliri
997 2876 1050 2931 pro
1064 2854 1240 2933 pelliei²⁸⁸J

140 2963 172 3019 A.
196 2958 273 3032 XIII,
297 2960 325 3017 9.
352 2958 436 3016 lectio
466 2960 549 3016 codd.
577 2961 628 3016 lla.
651 2962 682 3015 R.
714 2949 829 3033 ea'qao
850 2963 934 3018 modo
966 2969 1025 3017 orta
1048 2978 1112 3020 esse
1133 2964 1240 3021 ridetur

142 3093 279 3100 .-.-.—-.-
299 3093 393 3099 -m-

147 3155 207 3222 122)
225 3158 269 3210 Sic
286 3158 359 3210 blant.
386 3156 435 3221 lv,
458 3154 507 3220 73,
528 3156 556 3209 8.
586 3157 668 3209 lectio
700 3157 801 3210 codicis
824 3158 953 3211 Paternai
981 3161 1029 3212 boc
1051 3161 1162 3213 rddidit
1189 3177 1239 3229 pro

240 3244 349 3313 uolgata
370 3244 418 3295 boa
441 3243 550 3297 aanor
567 3250 623 3295 crta
650 3250 691 3295 est
714 3260 746 3295 ex
764 3243 901 3313 archetypi
925 3246 1053 3313 scriptura
1076 3247 1123 3299 boc
1145 3247 1241 3301 redidit

144 3388 150 3395 ‚
220 3346 315 3399 ''quarn
334 3329 394 3383 eod.
413 3329 556 3383 Vossianus
576 3343 591 3381 a
609 3328 815 3383 Schneidewino
834 3328 912 3381 litera
930 3330 950 3381 B
975 3332 1092 3399 signatus
1116 3346 1131 3382 a
1154 3332 1238 3399 prima

241 3432 318 3467 manu
344 3415 457 3468 exhibet.
491 3414 618 3481 Exempla
638 3430 652 3465 e
676 3421 741 3489 vett.
772 3415 868 3471 velleii
893 3414 967 3467 libris
991 3416 1102 3485 collegit
1125 3415 1238 3473 Kritzias

244 3501 270 3551 in
287 3500 412 3569 Prolegg.
430 3518 454 3568 p·
474 3498 539 3552 CVII
559 3517 608 3568 sqq

155 3579 205 3647 23)
224 3582 287 3634 ltenr
305 3586 378 3640 biart.
395 3582 455 3650 xit,
475 3583 516 3649 il,
536 3587 561 3637 i.
581 3585 640 3637 rod.
660 3584 798 3637 'thuaneus
817 3586 882 3636 derit
906 3585 1012 3638 exhibet
1034 3596 1083 3653 pro
1107 3574 1237 3654 scriptore

154 3674 158 3683 ⁴
217 3686 221 3695 ·
241 3669 302 3720 eorl.
317 3671 436 3722 Vossiani
455 3673 476 3722 lt
495 3687 509 3722 a
528 3672 855 3737 Schneidewinoracapta
873 3672 966 3734 deerit,
985 3671 1068 3723 codd.
1084 3672 1240 3727 Puteaaaus

191 3784 194 3789 Α
242 3763 273 3806 et·
282 3755 459 3812 resinosa
476 3758 567 3813 aaran
584 3773 633 3824 pro
647 3757 755 3825 vulgata
773 3756 885 3811 antebac
898 3756 1013 3811 lectione
1025 3760 1139 3813 aearum
1174 3760 1238 3813 item

240 3840 269 3893 in
281 3839 402 3905 blaniaco
421 3841 610 3913 codiceEpistp
628 3841 683 3897 Cic.
702 3843 744 3899 ad.
755 3843 834 3919 isam.
852 3843 905 3895 dest
924 3850 950 3894 et
968 3846 1038 3909 desse
1055 3843 1110 3912 legi
1127 3852 1237 3901 testatur

241 3923 356 3977 Orellins
375 3926 400 3976 in
420 3925 463 3978 ed.
482 3923 537 3981 Cic.
556 3927 613 3979 Vol.
634 3927 672 3979 ΙΙΙ.
689 3926 719 3979 Ρ.
737 3926 755 3978 Ι.
772 3944 798 3993 p.
819 3923 861 3981 23.
1133 3920 1134 3925 ¹

156 4008 220 4074 2311)
237 4009 338 4063 Eodem
357 4010 452 4062 mendo
471 4011 544 4066 biart.
563 4011 604 4067 tx.
621 4011 664 4077 Al,
687 4013 709 4067 1.
727 4016 753 4064 in
772 4013 833 4066 cod.
851 4012 970 4066 Palatino
981 4013 1063 4081 pelice
1074 4031 1122 4081 pro
1133 4014 1235 4081 pellice,

157 4094 161 4104 '
241 4105 268 4148 et
289 4099 317 4148 ia
342 4096 403 4151 cod.
421 4092 575 4149 Oasselltno
595 4097 714 4150 Serviani
739 4101 879 4152 comoranti
902 4098 936 4150 ad
959 4098 1032 4166 virg.
1055 4099 1123 4155 Aen.
1146 4099 1168 4163 l,
1191 4097 1235 4156 28.

237 4182 346 4250 paelicis
364 4181 530 4251 propellaris
547 4184 681 4251 scriptum.

1009 4261 1027 4315 3
