2934 4775
687 271 723 329 ll

156 472 201 543 qui
214 476 323 544 praeter
338 470 500 544 Appuleium
523 471 604 530 ettam
618 470 740 527 Tacitum
762 486 779 524 a
801 467 932 525 Sallustio
950 466 1131 523 *emwdetore
1152 477 1260 535 recog-

157 574 239 630 nitum
266 574 436 645 putaverint,
467 573 624 645 opinionem
653 573 814 631 dissoluisse
844 572 908 627 mibi
934 570 1041 628 ridear.
1084 568 1168 624 Simul
1195 566 1260 624 inde

159 676 251 731 (bacas
272 676 319 731 ael
339 676 367 731 in
387 676 532 733 levissimis
557 677 642 733 rebus
670 676 772 732 criticis
801 690 935 745 nonquam
955 673 1022 730 satis
1051 678 1131 728 caute
1153 677 1182 727 et
1203 670 1261 726 cir·

154 784 313 849 cumspecte
334 779 368 834 ab
381 778 532 836 editoribus
545 779 592 850 egi
610 795 706 851 posse,
729 794 836 849 eosque
851 776 982 845 criticos,
1005 775 1050 846 qni
1071 789 1190 832 summae
1203 773 1259 830 ldi·

153 880 286 950 ligentiac
307 880 415 937 laudem
436 888 465 937 et
486 880 649 937 affectarunt
669 887 697 936 et
710 882 808 937 merito
830 879 921 951 adepti
935 885 1016 948 suot,
1037 877 1170 934 interdum
1191 892 1261 947 pes·

130 963 224 1039 ‘mma
245 979 433 1053 peccaret).
481 981 558 1050 Quae
588 998 669 1053 quara
689 982 727 1038 ita
748 984 818 1054 sint,
840 998 896 1038 non
918 980 1092 1037 adnitendum
1112 985 1172 1050 est,
1195 979 1260 1050 qu'm

154 1099 189 1140 ea
203 1079 376 1156 'auctoritem
400 1099 479 1155 quam
501 1083 644 1143 codicibus
657 1086 735 1142 listis
754 1103 770 1141 a
790 1084 927 1142 veteribus
941 1081 1169 1140 ammonentes
1191 1096 1260 1138 cor·

153 1186 250 1242 rectis
270 1185 500 1244 Schneidewinun
523 1187 663 1244 vindicare
691 1189 809 1259 smduit,
840 1186 982 1244 codicibus
1012 1184 1099 1242 Taciti
1127 1182 1259 1240 lledioeis

155 1287 315 1359 acroama·
338 1290 381 1345 sit
425 1289 609 1360 ilonjectarsli
628 1291 712 1361 igitur
734 1291 786 1347 arti
806 1291 836 1347 id
857 1289 973 1346 dandum
994 1294 1052 1359 est,
1080 1293 1110 1344 nt
1130 1293 1208 1344 certe
1228 1287 1257 1343 in

156 1391 253 1447 Tacito
276 1392 449 1449 maeosendo
468 1393 571 1464 primas
596 1399 690 1464 partes
712 1401 794 1465 apat,
817 1409 897 1464 quan
918 1391 1080 1464 praesertim
1099 1389 1172 1448 udla
1192 1404 1259 1461 spes

154 1494 220 1549 novi
248 1500 277 1550 et
306 1495 399 1566 gravis
429 1496 538 1566 quidem
567 1496 654 1552 critici
682 1497 796 1553 subacti
824 1496 898 1553 iacta
925 1496 978 1566 sit,
1007 1510 1045 1550 ex
1072 1508 1129 1564 quo
1150 1492 1260 1548 multum

153 1595 259 1653 tructus
297 1597 426 1669 scriptori
458 1605 651 1671 proventuum
683 1615 750 1658 esse
775 1599 838 1672 jura
873 1597 1065 1672 expectaveris
1090 1591 1135 1662 ⁷).
1197 1593 1260 1667 Ope

157 1745 411 1758 υ--οσ-ιι-ο-ι-η

189 1861 222 1929 6)
241 1863 313 1915 llauc
332 1863 543 1932 disquisitionem
561 1864 595 1916 de
613 1849 731 1919 Sallustii
756 1866 942 1934 recognitione
961 1863 1044 1914 Taciti
1061 1862 1113 1929 jam
1131 1863 1258 1927 finieram,

241 1963 319 2015 quum
342 1949 462 2000 Lerschii
491 1953 739 2003 commentationem
768 1950 801 2001 de
825 1950 1002 2001 Romanorum
1028 1957 1161 2000 auctorum
1185 1948 1259 1999 libris

242 2020 447 2117 διορθώτοις
483 2037 629 2088 novissimo
664 2035 803 2088 fasciculo
828 2035 911 2087 Musei
947 2035 1072 2088 Societat.
1107 2032 1257 2099 Praecepit.
1297 2099 1299 2102 Ι

241 2119 325 2174 libem
344 2128 371 2172 et
390 2118 543 2188 Gncstplral.
560 2123 685 2174 insertam
703 2138 718 2173 a
738 2121 821 2177 (Μὴ.
835 2121 1000 2184 Hermanno,
1019 2133 1133 2188 quocum
1150 2111 1261 2171 srnoenss·

241 2206 305 2258 tiam
333 2221 419 2260 meam
442 2209 713 2272 communicatorem,
739 2208 841 2274 accepi.
888 2206 934 2260 Vir
958 2205 1126 2260 doctissimus
1149 2205 1260 2257 internis

239 2290 346 2360 quidem
370 2294 530 2361 argumentis
554 2309 645 2361 parum
662 2294 806 2348 verisimile
830 2309 891 2346 csse
911 2292 1021 2363 probat,
1041 2291 1124 2345 Taciti
1142 2290 1225 2342 libros
1244 2305 1261 2341 a

239 2376 364 2430 Sallustio
384 2378 538 2435 emendatos
557 2395 631 2442 esse;
655 2395 744 2449 neque
768 2397 833 2433 vero
853 2380 984 2450 originem
1002 2377 1086 2430 falsae
1104 2378 1179 2430 istius
1199 2375 1260 2443 opi-

240 2464 327 2514 nionis
347 2464 446 2530 aperit,
472 2462 519 2514 sed
538 2463 692 2515 satishabet
710 2466 837 2529 credere,
855 2464 1019 2533 casualiquo
1039 2463 1259 2530 subscriptionem

241 2547 359 2599 Sallustii
378 2564 411 2598 ex
427 2547 552 2614 Appuleji
570 2549 666 2601 codice
677 2550 743 2601 listo
761 2551 787 2601 in
806 2548 950 2601 Tacitinnm
964 2550 1093 2617 quendam
1111 2552 1259 2616 irrepsisse.

239 2632 343 2686 Etenim
372 2636 491 2701 ignorat,
518 2635 546 2684 in
574 2634 648 2686 nollo
671 2634 755 2687 Taciti
779 2635 877 2689 codice
899 2635 1017 2691 Sallustii
1039 2636 1260 2702 subscriptionem

199 2706 202 2712 ¹
240 2720 417 2787 reveralegi,
435 2718 531 2773 nedum
542 2718 701 2775 inlledicco
720 2721 918 2791 langobardicis
934 2721 1020 2774 literis
1034 2729 1150 2777 exarato.
1182 2720 1262 2771 Errat

246 2806 385 2871 atinae,
410 2806 482 2874 quod
499 2805 518 2859 1.
536 2806 555 2864 l
583 2823 610 2873 p.
634 2804 668 2859 36
691 2815 757 2864 extr.
782 2808 860 2871 dicit,
885 2807 1034 2881 complures
1052 2807 1160 2859 codices
1178 2806 1260 2857 listas

242 2888 324 2941 Taciti
349 2907 364 2941 a
392 2890 511 2944 Bandiuo
536 2892 556 2949 l.
578 2893 597 2951 l.
619 2910 645 2961 p.
662 2891 714 2944 834
740 2903 766 2945 et
789 2892 841 2947 836
861 2894 1017 2948 enumerari.
1051 2892 1079 2942 ln
1097 2890 1260 2944 bibliotheca

240 2975 555 3029 Mediceo·baurentiana
573 2977 657 3030 Taciti
675 2980 742 3032 duos
760 2988 861 3031 tantum
880 2980 989 3032 codices
1007 2978 1087 3030 blstos
1107 2985 1196 3029 extare
1214 2993 1260 3028 re-

240 3062 291 3113 lert
309 3061 459 3126 Bandinus3
478 3072 615 3132 utramque
633 3067 660 3116 in
678 3082 731 3118 uno
759 3066 907 3134 codemque
925 3064 1031 3133 pluteo,
1049 3061 1183 3114 cxviii-0
1206 3064 1261 3115 sei·

242 3148 323 3212 licet,
341 3157 474 3201 serratum
493 3149 619 3202 describit
636 3167 662 3218 p.
682 3151 733 3205 861
753 3168 811 3220 sqq.
830 3160 857 3204 ct
874 3168 902 3219 p·
918 3147 971 3206 aab
988 3166 1046 3218 sqq.
1081 3149 1113 3200 lli
1131 3157 1192 3201 suut
1210 3165 1260 3202 cc·

243 3233 317 3287 dices
335 3235 391 3299 illi,
410 3235 553 3303 dequibus
570 3252 650 3302 sopra
666 3236 772 3290 rcttuli:
791 3240 813 3289 is
831 3254 896 3291 vero
909 3237 994 3290 Taciti
1011 3238 1111 3301 codex,
1129 3237 1175 3303 qui
1187 3234 1261 3300 ejus-

240 3320 299 3372 dem
311 3321 395 3389 plutei
412 3323 506 3375 tertius
519 3337 535 3373 a
552 3321 673 3375 Bandino
687 3332 798 3375 vocatur
808 3333 835 3376 et
852 3341 879 3392 p.
894 3318 946 3378 836
964 3340 1005 3392 sq.
1016 3321 1187 3382 describitur,
1205 3334 1259 3372 non

240 3423 318 3458 manu
336 3410 447 3476 scriptus
473 3416 528 3472 est,
547 3407 595 3459 sed
612 3411 681 3477 typis
700 3426 825 3474 excusus;
844 3418 885 3461 est
903 3412 972 3462 enim
991 3410 1073 3461 editio
1091 3404 1226 3460 Beroaldi.

172 3487 204 3554 7)
223 3488 350 3560 subjungi
371 3493 460 3560 placet
485 3491 608 3561 Seyfferti
626 3495 723 3560 verba,
747 3512 815 3564 quae
841 3495 1021 3548 felicissimam
1040 3494 1173 3545 Tacitinae
1198 3508 1260 3546 cra·

243 3576 322 3627 tionis
335 3578 506 3630 imitationem
516 3576 672 3646 prodentis
686 3583 755 3632 enim
767 3583 793 3632 in
805 3580 933 3634 fasciculo
945 3584 1029 3648 primo
1040 3579 1259 3634 Emendationum

244 3659 422 3727 Tacitearum‚
448 3680 525 3732 qoem
553 3664 582 3722 G.
606 3666 830 3720 Fr.Heru1annus
856 3684 904 3735 pro
923 3667 1084 3719 humanitate
1110 3684 1158 3720 soa
1175 3684 1260 3734 nuper

242 3749 398 3813 transmisit,
416 3748 503 3804 Praei.
521 3767 547 3817 p.
565 3751 609 3804 Vl.
626 3751 694 3806 haec
711 3752 791 3807 dicit:
816 3753 887 3805 Atto
898 3757 957 3819 jars
974 3765 1085 3824 tempus,
1110 3773 1160 3822 qao
1183 3771 1259 3806 aeras

240 3832 362 3884 ocrim
373 3832 503 3901 ‚inaquoso
517 3846 641 3904 paratorio
653 3840 781 3906 praedast
798 3858 831 3891 car
849 3838 928 3895 Codri,
946 3842 1053 3893 asetm
1070 3842 1177 3895 licebat.
1195 3878 1203 3893 .
1220 3878 1229 3900 .
1250 3876 1259 3894 .

243 3920 331 3983 Quare
349 3924 511 3985 corpp'ectarrcs
528 3925 559 3973 s'rc
583 3923 664 3975 Taciti
680 3928 786 3994 scriptis
808 3943 861 3978 nort
883 3936 1028 3990 extremos,
1051 3929 1097 3979 sed
1115 3929 1259 3996 primarios

239 4005 328 4070 locos,
345 4024 396 4059 rtec
409 4011 537 4061 incertum
568 4011 613 4074 p‘rss
630 4020 678 4062 cst
689 4015 901 4080 precariarum,
924 4017 971 4065 sed
991 4032 1100 4082 rcqrrorrr
1116 4022 1193 4080 utque
1207 4030 1258 4081 po-

241 4097 330 4148 testtt'o.
364 4095 483 4163 ἕψω
512 4105 598 4148 actm
624 4106 701 4165 utque
727 4097 829 4150 libtdr'rrs'
847 4101 971 4168 preciosa
992 4116 1129 4167 rapueram
1144 4101 1257 4166 luponio

243 4181 329 4244 Quare
346 4182 413 4249 Icpes
426 4184 574 4251 ponendae,
592 4184 684 4252 quitos
701 4202 830 4244 cameras.
