2934 4775
780 276 821 331 82

729 354 880 367 *-

257 479 285 529 et
307 471 490 528 damaetam
510 469 587 527 ardis
614 473 827 528 incendiasse
856 474 977 530 osiaci.
1029 474 1099 530 Veli
1128 474 1184 530 Pau
1212 475 1253 546 ll,
1285 476 1348 535 125.

249 574 460 631 iaceadiara
480 574 613 631 milleris
627 576 772 633 lamellas.
804 574 914 644 Quintil.
929 575 1049 634 Decium
1070 575 1116 636 12.
1136 579 1347 635 incendiasse

252 692 397 734 aaaeaas.

351 779 382 837 ll
405 779 457 851 111,
483 781 530 836 77.
552 780 608 837 init
631 782 903 840 varietateieetionis
918 798 954 838 eo
969 783 1109 852 adducor,
1132 788 1161 838 nt
1176 783 1347 856 archetypum

247 887 381 940 vetustam
402 899 453 954 pro
476 884 595 953 genuina
616 885 750 956 scriptura
776 886 995 958 pollicitusque,
1017 887 1044 941 ei
1066 886 1243 958 praesidium
1264 889 1346 943 oeci-

243 994 335 1059 peret,
357 971 480 1042 oocaa'm
495 1003 592 1044 arcera
613 988 859 1058 traditarum,
883 1004 961 1058 quam
974 987 1102 1059 Bekker,
1124 987 1219 1059 Rittes,
1242 989 1347 1062 Ruper-

246 1089 299 1144 tins
321 1104 338 1144 e
360 1089 517 1159 conjectura
539 1090 732 1160 restituerant,
763 1090 869 1145 tradi
895 1090 1020 1160 [araas
1041 1090 1199 1147 exhibuisse
1224 1098 1344 1163 statuum

247 1207 303 1246 non
325 1190 362 1246 ita
382 1207 445 1246 rara
466 1191 604 1248 literarum
626 1200 638 1247 t
658 1192 724 1263 ets
748 1192 929 1263 confusione,
960 1193 995 1250 de
1025 1209 1076 1264 qna
1102 1209 1168 1249 mox
1196 1194 1246 1250 sub
1275 1195 1344 1250 duo-

246 1291 353 1350 decimo
375 1292 501 1349 vitiormn
522 1309 628 1366 genere
648 1293 775 1350 reieram.
819 1294 887 1349 Nam
915 1293 1033 1363 librarii,
1064 1311 1144 1367 qaum
1171 1312 1270 1354 vocem
1290 1298 1341 1368 s·
1446 1317 1447 1326 ¹

244 1396 354 1452 rsmeb
375 1396 456 1467 hujus
475 1396 531 1454 loci
553 1395 718 1453 condicione
732 1395 847 1452 alienam
869 1413 933 1454 esse
947 1397 1095 1468 senu‘reat,
1118 1398 1228 1454 aliisiia
1250 1413 1343 1456 emen·

180 1523 182 1526 ·
246 1497 358 1556 datione
378 1513 472 1556 verum
493 1499 558 1555 inde
578 1498 682 1555 elicere
696 1498 866 1556 andnemu.
908 1500 1003 1570 ltaque
1021 1499 1048 1555 iu
1070 1500 1152 1557 codd.
1174 1500 1342 1559 Biddon.

244 1601 286 1666 (in
306 1597 408 1673 marg.)
430 1602 474 1657 ed.
495 1602 569 1673 Spir.
590 1601 680 1658 addita
701 1602 807 1673 syllaba
837 1611 878 1658 tu
899 1603 1029 1674 seriptum
1051 1609 1095 1660 est
1116 1605 1217 1660 tradi
1237 1605 1340 1675 fatu-

242 1721 336 1774 rum,
359 1710 455 1761 eontm
472 1703 590 1761 inlibris
612 1704 729 1760 familiae
745 1704 896 1764 Genuensis
919 1704 1070 1762 G.il.0.0e.
1095 1702 1128 1772 (a
1150 1723 1190 1777 pr.
1207 1702 1259 1772 m.)
1281 1707 1341 1763 edd

244 1807 302 1864 Pul.
324 1824 383 1879 sqq.
397 1807 433 1862 sd
454 1807 616 1880 Bipontinos
637 1807 828 1864 etnouissime
849 1808 877 1864 ia
890 1808 1048 1879 Kiesrliagii
1071 1808 1192 1864 wdone
1212 1809 1340 1879 fartim

243 1912 473 1967 traditurum
494 1910 602 1982 iegitur.
646 1910 679 1966 lli
701 1911 772 1968 enim
800 1910 948 1982 genitivum
975 1911 1044 1982 plur.
1065 1910 1143 1967 roms
1164 1910 1214 1980 far
1235 1911 1263 1966 in
1284 1912 1339 1967 ad-

243 2012 365 2070 verbium
384 2014 484 2084 faram
505 2020 638 2070 mumrnnt
659 2013 742 2085 idque
764 2019 996 2085 transposuerunt.
1048 2011 1127 2081 Quae
1148 2019 1237 2070 tamen
1259 2014 1340 2070 lectio

242 2117 278 2172 eb
300 2115 540 2187 transpositionem
561 2116 724 2185 verborum,
755 2122 784 2170 et
813 2116 873 2186 quia
901 2115 1066 2172 deteriorum
1087 2115 1194 2172 illorum
1217 2116 1340 2172 codicum

242 2217 314 2273 nulia
342 2218 401 2273 iere
429 2222 475 2272 est
502 2217 667 2287 auctoritas,
694 2217 818 2287 speciem
846 2218 1043 2274 emendationis
1072 2234 1088 2274 a
1117 2219 1207 2276 sciolo
1230 2219 1339 2278 librario

240 2324 359 2376 tentatae
378 2334 446 2392 prae
467 2332 499 2374 se
520 2318 581 2374 fert
624 2318 660 2373 Et
681 2334 715 2373 ea
737 2323 780 2373 est
793 2318 849 2374 loci
871 2318 1018 2391 condicio,
1040 2325 1070 2375 ut
1090 2335 1141 2392 per
1162 2336 1194 2378 se
1217 2330 1334 2395 constet,

240 2439 256 2478 a
278 2437 388 2479 servo
411 2438 502 2477 arcem
524 2437 592 2477 non
613 2423 729 2494 palam
751 2429 796 2477 ant
818 2421 886 2477 tradi
907 2421 1100 2493 potuisssent
1121 2424 1244 2480 traditam
1267 2443 1338 2483 esse.

239 2526 336 2597 Neque
356 2526 402 2596 id,
424 2526 498 2596 quod
521 2525 551 2580 ll.
574 2525 628 2595 tv,
652 2525 701 2580 56.
723 2518 836 2581 verbum
858 2525 1007 2598 pollicitus
1036 2527 1170 2597 reperitur
1192 2535 1220 2583 et
1242 2537 1338 2599 postes

240 2629 268 2685 in
298 2629 351 2686 liae
380 2628 439 2699 ejus
463 2627 559 2699 capitis
582 2627 739 2684 adverbium
759 2628 859 2698 fartim
888 2629 1023 2699 occurrit,
1047 2629 1190 2700 quidquam
1212 2632 1339 2689 eunlerre

241 2738 336 2806 polest
357 2732 392 2788 ad
413 2731 568 2787 firmandam
582 2730 729 2787 lectionem
749 2730 895 2801 pollicitus
916 2772 923 2787 .
947 2772 954 2787 .
977 2773 984 2788 .
1007 2772 1013 2786 .
1035 2730 1135 2800 furam
1152 2734 1339 2802 traditarum

242 2851 400 2907 quemqnam
413 2833 596 2904 Kiesslingius
617 2839 805 2903 argumentum
819 2831 883 2887 inde
901 2833 1014 2903 petiisse
1035 2833 1087 2888 sibi
1102 2835 1216 2892 videtur.
1259 2836 1339 2893 Nullo

240 2940 323 2996 modo
351 2938 422 2994 enim
449 2936 516 2992 illud
541 2936 642 3006 fartim
670 2951 730 2992 eum
752 2933 888 2990 Labeonis
916 2936 1110 3006 promissis
1139 2939 1288 3009 cohaeret,
1311 2944 1339 2995 et

240 3040 339 3097 eodem
359 3037 420 3106 iure
443 3037 625 3109 aliquodpinm
646 3037 808 3093 vocabulum
826 3053 862 3093 ex
883 3037 932 3094 iilo
954 3037 1020 3095 loco
1034 3039 1088 3095 bue
1109 3041 1259 3097 transferre
1280 3057 1335 3112 po·

238 3151 290 3202 tes.
333 3141 377 3197 Ae
405 3157 440 3195 ne
468 3140 563 3196 eadem
591 3139 700 3210 quidem
727 3139 769 3194 vis
797 3138 825 3194 in
854 3140 986 3197 adverbio
1012 3141 1111 3211 fartim
1132 3150 1250 3214 utroque
1271 3144 1336 3200 loeo

238 3251 359 3316 inesset3
389 3242 489 3315 quippe
519 3241 627 3297 Tacitus
656 3241 728 3297 idem
757 3241 784 3297 in
807 3242 948 3299 Germania
976 3243 1077 3300 iactum
1105 3261 1169 3301 esse
1196 3253 1337 3317 memorat,

240 3351 313 3426 qnod
327 3347 417 3405 Livius
438 3344 539 3413 xxiii,
563 3343 591 3399 6.
612 3342 832 3415 apndBruttios:
856 3346 1098 3417 latrociniis,
1121 3348 1219 3419 inquit,
1246 3350 1337 3420 mapis

240 3471 325 3530 waes
341 3453 357 3525 j
364 3457 447 3509 aste
470 3446 528 3504 bel
534 3447 567 3503 lo
589 3447 620 3501 ia
641 3446 764 3502 Bruttiis
774 3445 948 3517 perebaatsar
965 3465 1021 3505 res.
1063 3449 1137 3506 ldem
1153 3451 1262 3507 Tacitus
1285 3451 1302 3507 Ι.
1317 3452 1337 3508 Ι.
1444 3508 1445 3525 ¹

240 3560 320 3614 hmee
339 3555 431 3612 verbis
453 3551 602 3623 significat:
626 3556 655 3605 et
674 3549 805 3619 fortias
832 3550 938 3621 mopis,
961 3567 1046 3623 qaam
1067 3550 1164 3608 bello
1186 3553 1337 3610 Caeam-

238 3661 315 3733 soles
336 3656 541 3727 Marsacosque
569 3650 745 3710 incursabat.
797 3652 925 3709 Ceterum
958 3670 1023 3710 usus
1051 3655 1172 3712 infinitivi
1204 3656 1253 3714 lut.
1281 3663 1337 3713 aet.

241 3742 412 3820 traditurum
434 3763 462 3813 el
483 3757 587 3827 ellipsis
607 3755 777 3827 pronominis
797 3773 829 3812 ae
851 3762 879 3812 et
896 3756 977 3812 ’serbi
997 3756 1156 3814 substantivi
1184 3775 1247 3815 erac
1268 3759 1335 3815 loco

241 3883 257 3924 a
279 3860 448 3931 Kiesslingio
478 3859 560 3915 aliato
582 3860 767 3928 firmarentur,
789 3859 812 3914 si
834 3858 917 3915 modo
939 3860 1073 3932 exemptis
1102 3860 1161 3931 ejus
1182 3867 1337 3917 emuctruae

238 3985 308 4043 opus
329 3970 414 4022 esset.
456 3963 499 4020 lbi
526 3961 596 4018 enim
623 3962 693 4018 bsec
721 3961 862 4031 leguntur:
887 3963 1165 4036 pollicitusque,
1186 3965 1213 4018 si
1237 3980 1335 4036 prae-

237 4074 340 4130 sidium
354 4070 488 4137 daretur,
510 4068 654 4123 ituram
674 4066 706 4120 ia
726 4065 854 4121 Batavos
876 4072 904 4120 et
914 4065 1054 4135 potiorem
1075 4067 1200 4122 deitatis
1218 4074 1335 4139 perteus

238 4177 278 4232 cd
304 4170 650 4230 somersettensium
683 4175 942 4224 retracturum.
997 4167 1099 4225 Rursus
1134 4168 1221 4226 altera
1247 4168 1338 4226 lectio
