2934 4775
631 277 781 372 -1-71-

158 482 185 539 iu
206 477 332 539 Mediceo
354 478 487 553 perticeta
509 496 564 553 pue
586 495 646 535 curn
673 479 722 536 illo
751 477 971 534 contunderetur.
1014 477 1054 533 ltu
1076 476 1109 534 A.
1127 475 1183 547 111,
1207 478 1257 534 57.

159 592 227 643 extr.
258 584 349 641 codex
377 584 489 640 exhibet
516 592 603 655 atque
625 583 762 638 Haterius
791 596 841 653 pre
865 582 977 652 vulgato
1006 589 1038 637 at
1061 581 1091 650 (1.
1114 580 1259 640 Haterius.

158 687 190 743 A.
211 688 266 759 Ν,
290 684 339 742 21.
362 665 577 742 ΒετουΙᾱιιω
607 685 723 753 codice,
754 690 782 739 ut
811 684 933 755 videtur,
964 683 1049 748 edidit
1070 683 1258 756 Pisonemque

156 773 271 862 manius
292 805 344 861 pro
361 789 441 860 ‘vu1g.
464 790 594 844 Pisonem
611 788 641 858 Q.
666 787 798 843 Granius.
841 786 909 841 lbid.
932 802 956 842 c.
980 784 1030 842 61.
1052 786 1176 844 librarius
1199 788 1259 852 Mer

158 892 250 950 diceus
271 892 381 964 scripsit
402 908 476 967 puae
498 892 634 947 Haterius
656 906 707 961 pro
729 890 805 960 vulg.
829 889 859 958 Q.
881 890 1027 946 Haterius.

257 993 290 1051 A.
313 995 369 1066 Ν,
393 994 443 1051 33.
466 1010 502 1050 ex
524 993 632 1065 vuiguri
654 991 818 1065 compendio
840 1008 872 1048 re
888 1009 975 1063 rom,
997 991 1117 1063 quodne
1139 1008 1261 1072 romana

158 1098 312 1170 ngrifieere
340 1095 427 1166 solet,
456 1103 516 1153 crte
551 1103 594 1152 est
628 1095 734 1152 codicis
754 1095 914 1167 scripture:
943 1097 985 1151 sic
1015 1111 1152 1152 conuerso
1182 1103 1261 1151 statu

160 1181 251 1274 neque
279 1201 340 1256 alia
362 1215 495 1269 rerum,
526 1215 612 1271 quem
645 1201 671 1253 si
697 1216 771 1254 unus
801 1200 942 1271 imperitet
970 1215 1048 1270 squ,
1078 1215 1156 1269 quem
1185 1198 1261 1256 sotus

160 1304 305 1376 Rrrpertins
332 1301 402 1357 mele
431 1302 548 1357 retinuit.
599 1301 636 1356 At
665 1301 715 1356 cir.
744 1298 779 1356 A.
806 1301 833 1372 1,
857 1298 906 1356 31,
928 1300 990 1356 Sua
1017 1302 1047 1358 in
1068 1318 1157 1358 manu
1178 1302 1262 1356 sitam

157 1424 234 1463 rem
252 1407 456 1462 Romanam.
487 1405 519 1460 A.
536 1405 571 1472 11,
589 1403 637 1460 te.
656 1412 725 1460 extr.
743 1405 856 1460 Primus
877 1420 950 1459 rem
971 1405 1165 1460 Romanam
1183 1420 1260 1476 pro-

156 1526 237 1583 spere
265 1511 339 1563 man‘
366 1510 461 1580 pessit.
513 1507 546 1562 A.
573 1507 627 1577 Ν,
652 1506 679 1563 1.
706 1506 798 1563 Deum
825 1509 872 1561 ira
898 1508 930 1562 in
958 1524 1029 1564 rem
1056 1507 1261 1564 Romanam.

157 1610 186 1667 0.
212 1610 261 1668 21.
283 1612 339 1667 init.
374 1611 507 1684 Dispersa
529 1626 644 1666 rumore
672 1627 745 1666 rem
767 1611 962 1666 Romanam
991 1609 1027 1665 ab
1058 1611 1124 1666 aliis
1145 1625 1257 1682 auoque

151 1711 320 1770 'nationibus
334 1714 470 1769 lacerari.
493 1711 523 1767 (i.
548 1713 597 1767 57.
619 1719 689 1767 extr.
704 1711 894 1768 Dubitauerat
906 1711 1052 1783 Aupustus
1065 1712 1262 1772 nemausum

157 1817 333 1872 ....rci
355 1816 544 1871 Romanae
571 1816 724 1887 imponere.
771 1812 879 1885 A.⁴V1,
904 1812 953 1869 51.
976 1815 1042 1870 Rei
1071 1815 1262 1871 Romanae

160 1916 319 1974 arbitrium.
369 1916 402 1973 A.
430 1917 494 1988 xil,
525 1916 573 1973 11.
603 1923 672 1973 extr.
704 1918 785 1973 Rem
812 1918 1011 1973 Romanam
1039 1917 1095 1973 teuc
1127 1920 1263 1975 satietate

156 2021 267 2093 pionius
293 2026 469 2092 prouectum.
517 2018 549 2074 11.
571 2019 610 2090 11,
634 2019 683 2074 69.
706 2025 776 2075 extr.
805 2019 914 2077 Virtute
945 2037 1030 2093 quam
1047 2022 1176 2093 pecunia
1198 2037 1276 2102 res?

157 2123 319 2178 Romana
340 2122 543 2178 mettusstetit.
591 2121 683 2193 11111,
707 2120 757 2178 16.
774 2123 868 2196 Prope
879 2123 989 2195 afflicta
1011 2124 1261 2183 resRomana.
1317 2191 1322 2204 .

158 2225 189 2281 Η.
214 2226 269 2297 Ν,
295 2223 343 2281 11.
365 2227 517 2298 Nunquam
537 2226 629 2297 napis
651 2225 790 2297 afflictam
811 2243 885 2283 rem
907 2228 1114 2283 Romanam.
1159 2226 1189 2282 C.
1212 2227 1261 2283 25.

155 2328 252 2383 Prima
274 2344 349 2383 rem
370 2327 570 2383 Romanam
587 2328 677 2383 enine
694 2327 841 2385 iuvabant.
886 2330 915 2385 (i.
940 2331 989 2386 57.
1011 2333 1074 2390 Non
1097 2332 1170 2387 asico
1193 2338 1261 2393 tur-

156 2431 255 2487 batam
292 2432 379 2484 armis
407 2427 536 2485 ciuilibus
572 2445 646 2484 rem
674 2429 876 2486 Romanam.
933 2432 962 2488 0.
995 2434 1043 2489 76,
1072 2434 1262 2492 cunctatione

156 2549 286 2589 crescere
308 2548 380 2589 rem
401 2531 608 2586 Romanam.

258 2632 292 2691 A.
314 2634 394 2706 XVI,
421 2631 468 2688 15.
491 2633 624 2705 scripture
656 2634 781 2690 codicum
801 2634 885 2690 nan.
908 2642 936 2691 et
957 2636 1002 2692 ed.
1024 2636 1094 2709 Spir.
1122 2639 1203 2694 iussa
1230 2640 1261 2694 in

154 2722 182 2810 ῥ’
200 2737 312 2795 Ostorio
335 2738 438 2810 aperit,
460 2753 512 2808 pro
536 2753 587 2807 que
615 2744 693 2792 recte
714 2738 840 2808 vulgetur
868 2741 948 2794 iussa
968 2741 1150 2812 imperatoris
1172 2741 1261 2797 Osto-

156 2841 201 2895 rio
223 2841 333 2912 operit,
357 2836 392 2895 ex
415 2839 616 2911 compendiaria
638 2841 745 2896 ratione
766 2841 928 2896 vccabulum
942 2843 1098 2915 imperator
1120 2843 1257 2899 scribendi

160 2944 188 2999 in
209 2943 296 2999 nunris
318 2948 346 3023 et
368 2942 451 2998 titulis
476 2942 555 2998 obvie
579 2943 712 3013 originem
735 2943 824 2997 traxit.
913 2972 918 2985 ·

258 3046 393 3117 Perpetua
415 3044 442 3099 in
465 3044 607 3100 codicibus
624 3045 750 3101 coniusic
773 3046 969 3103 vocabulorum
983 3050 1078 3106 omina
1100 3056 1128 3105 et
1151 3051 1257 3120 omnia,

154 3151 281 3206 ominum
310 3156 339 3205 et
366 3150 505 3218 omnium,
541 3147 679 3204 munitus
707 3155 734 3204 et
764 3147 891 3205 omnibns
925 3145 1002 3217 ¹⁷⁶)
1031 3151 1094 3207 inde
1124 3154 1259 3224 originem

164 3308 376 3316 ——.-—-·--.—.-...

244 3414 393 3476 mevenit,
412 3419 440 3462 ut
458 3412 526 3470 vett.
544 3412 573 3477 11,
591 3411 635 3477 25,
652 3412 677 3465 3.
695 3429 857 3480 praenomen
877 3418 906 3480 Q.
926 3425 986 3468 ente
1005 3414 1126 3484 copulem
1144 3435 1192 3485 pue
1211 3435 1258 3470 ex-

242 3496 351 3550 cideret.
387 3498 452 3551 Nem
470 3497 593 3552 Heinsius
613 3508 639 3552 et
656 3500 810 3553 Perizonius
829 3510 977 3569 corruptum
995 3511 1113 3554 veterum
1131 3503 1257 3557 librorum

243 3578 396 3648 scripturam
412 3603 474 3637 num
490 3596 519 3637 ut
537 3587 666 3637 ronmlem
684 3622 690 3635 .
709 3624 716 3641 .
735 3623 742 3637 .
761 3597 971 3654 exarmatamque
987 3590 1129 3641 Sertorium
1147 3599 1171 3642 et
1188 3593 1257 3643 mul-

242 3674 280 3716 tas
292 3667 357 3717 aiios
375 3703 382 3715 .
402 3704 408 3717 .
428 3708 434 3721 .
453 3674 547 3725 dimisit
564 3672 698 3723 incolumis
716 3673 753 3724 itu
771 3672 955 3737 emendarunt,
973 3683 1001 3724 ut
1019 3676 1179 3728 scriberent:
1196 3694 1258 3729 num

243 3760 267 3803 et
285 3754 411 3804 consulem
429 3792 435 3805 .
456 3793 462 3806 .
481 3793 488 3815 2
508 3795 514 3806 .
532 3766 694 3809 exarmatum
713 3760 793 3825 (Aque
809 3760 952 3810 Senonum
969 3776 1026 3828 sqq.
1063 3760 1115 3818 Cir.
1133 3762 1257 3815 Kritzium

242 3837 275 3888 ed
298 3837 323 3890 A.
348 3837 383 3902 1.,
413 3841 458 3906 qui
484 3842 552 3892 iustu
576 3843 753 3909 explicatione
778 3860 882 3896 ornnem
906 3844 1094 3899 dubitationem
1118 3849 1231 3901 sustulit.

173 3918 238 3987 175)
256 3923 288 3975 A.
306 3923 366 3988 XV,
383 3923 410 3977 8.
432 3926 490 3979 init.
507 3924 569 3981 Bm.
594 3929 693 3997 aliique
721 3929 828 3981 codices
847 3929 949 3982 'hubent
966 3935 1057 3999 spretis
1075 3934 1190 3985 omnibus
1208 3953 1256 4002 pra

240 4008 313 4078 vulg.
324 4002 351 4063 s.
363 4011 496 4064 ominibus.
525 4010 556 4064 11.
574 4012 604 4076 11,
618 4010 642 4064 1.
657 4014 688 4067 Β.
699 4021 726 4065 et
744 4031 760 4065 e
774 4030 813 4081 pr.
826 4031 859 4066 m.
870 4015 934 4070 110.
947 4018 1070 4071 exhibent
1081 4022 1136 4071 laco
1147 4024 1258 4073 amnium

239 4110 288 4160 pro
312 4096 384 4164 vulg.
406 4097 462 4148 loco
487 4099 606 4149 ominum.
649 4096 680 4151 H.
698 4098 733 4163 11,
753 4098 793 4152 74.
811 4101 906 4169 vulgus
933 4102 1053 4156 codicum
1073 4113 1099 4157 et
1122 4104 1182 4158 edd.
1199 4107 1257 4158 iere

242 4194 332 4233 omnes
346 4184 439 4249 [austu
461 4183 558 4264 Vitellip
576 4186 661 4236 amnia
680 4194 831 4253 precantem
851 4188 1074 4322 substituunt¹pro
1092 4190 1258 4244 11οά1οοί11-

1029 4268 1046 4322 2
