2934 4775
632 268 784 361 ..ῤῖῙί-

162 464 315 522 secuntiae
335 465 434 537 ignaro
451 471 503 521 aut
520 463 662 522 incurioso
683 481 736 536 pro
758 464 890 535 singulari
912 465 1071 521 calcamur
1085 507 1093 521 .
1108 507 1115 521 .
1130 506 1137 521 .
1153 465 1266 521 videtum

100 601 103 606 -
157 569 276 639 positum
298 568 384 624 inisse
396 569 555 639 putaverim.
599 568 640 626 cl.
663 585 706 637 ea,
726 583 800 639 quae
820 567 908 623 Ritter
928 575 956 624 et
970 568 1153 639 Kiesrlingius
1168 575 1264 624 contra

156 671 332 728 =Waltherum
354 679 384 728 et
403 671 547 741 binchium,
569 671 615 742 qni
636 671 767 742 pluralem
797 669 947 726 detondere
976 672 1069 726 conati
1097 677 1175 740 sunt,
1203 671 1263 727 dia·

156 780 292 844 paurum
342 774 374 829 H.
411 774 464 846 lli,
502 772 551 830 16.
588 783 755 833 occurreret
785 789 837 856 pro
873 781 1058 829 occurrerant
1091 774 1127 829 ob
1163 773 1262 844 singul.

157 877 309 948 reciperet.
351 875 383 931 ll.
405 875 453 946 tv,
477 875 525 929 53.
541 875 647 948 sustam
668 892 719 947 pro
732 877 846 947 anffcmt
867 876 903 931 ob
916 891 1049 947 praesens
1070 876 1265 935 manantur.

163 977 230 1049 Cap.
255 979 303 1033 70.
325 979 449 1035 librarius
472 975 578 1035 codicis
597 979 649 1034 lia.
673 979 709 1035 ob
731 976 931 1046 conjunctivum
941 978 1155 1049 praecedentem
1176 981 1261 1036 aide·

157 1089 260 1136 rcutur
281 1083 430 1153 scripserat
447 1077 639 1155 perfugerant,
669 1082 721 1138 sed
750 1090 847 1154 postea
869 1079 974 1137 ultimas
994 1081 1088 1136 literas
1119 1086 1263 1153 expunxit.

157 1183 254 1254 ltaque
271 1183 353 1240 facile
367 1190 411 1239 est
422 1159 586 1254 ¹intellectu,
599 1184 744 1255 Baebium,
760 1183 903 1254 litterum,
918 1182 1075 1255 Rupertium
1085 1177 1149 1249 ²⁰)
1165 1186 1261 1242 e'cod.

156 1284 190 1341 Α.
220 1291 251 1341 et
277 1286 320 1342 ed.
350 1286 419 1358 spir.
450 1286 597 1343 lectionem
611 1288 775 1360 perfugere
802 1286 931 1358 vulgatae
962 1286 1154 1358 perfugerant
1183 1295 1261 1344 recte

157 1388 327 1459 praetulisse.
378 1388 500 1445 Eandem
535 1390 751 1446 emendationem
779 1389 906 1459 probavit
932 1388 1046 1444 Haasius
1078 1388 1107 1443 in
1142 1388 1263 1447 Ectactis

148 1477 451 1562 'Diarlis'pliilolcgicis
473 1491 677 1548 Zimmenmanni
707 1508 731 1547 a.
757 1490 848 1546 1836.
872 1507 917 1546 no.
939 1488 990 1546 ud.
1011 1489 1119 1546 insertis
1139 1507 1167 1561 p.
1191 1492 1261 1549 678.

156 1593 247 1649 subtili
265 1593 420 1650 discr'urdne
439 1593 524 1665 nisus,
544 1594 619 1665 quod
638 1593 710 1665 apud
724 1593 846 1649 Tacitum
856 1594 927 1649 iuter
938 1593 1009 1665 peri.
1023 1594 1153 1665 temporis
1167 1595 1265 1652 tertiae

154 1712 229 1767 pers.
263 1696 332 1766 plur.
362 1697 565 1753 terminationes
594 1705 679 1752 crant
707 1703 736 1752 et
764 1714 812 1753 cre
840 1697 936 1753 nescio
964 1714 998 1752 an
1026 1703 1104 1753 recte
1131 1697 1263 1753 statuerit.

156 1796 222 1867 Cap.
245 1798 295 1855 86.
319 1799 399 1855 codd.
419 1799 480 1854 llsti
501 1815 553 1869 pro
574 1799 649 1869 vulg.
671 1797 879 1854 subduceretur
901 1798 1031 1854 exhibent
1053 1798 1132 1854 activ.
1145 1799 1260 1856 formam

154 1898 326 1958 subduceret
353 1901 391 1956 ob
412 1900 536 1957 anteced.
558 1901 676 1958 celaret.
719 1900 752 1955 ll.
765 1902 807 1970 V,
838 1900 888 1956 26.
918 1917 993 1972 quae
1021 1900 1165 1963 Antonius
1196 1905 1262 1975 epi-

158 2002 258 2071 notu,
282 2003 463 2058 Hordeonius
492 2003 616 2058 Flaccus
639 2017 779 2074 praesens
807 2000 993 2071 monebat,
1020 2003 1105 2056 arma
1133 2004 1162 2057 in
1187 2003 1261 2060 Ger-

154 2106 253 2159 mania
278 2107 396 2160 movit
423 2119 475 2176 pro
505 2105 579 2175 vulg.
610 2121 637 2160 a.
658 2106 678 2159 i.
704 2103 735 2160 G.
756 2106 830 2159 marl
859 2104 895 2159 oh
931 2105 1138 2160 antecedentem
1164 2106 1263 2162 tertiae

155 2221 294 2277 personae
316 2207 428 2262 formam
451 2205 593 2263 monebat.
638 2206 743 2275 Quibus
766 2206 898 2278 exemplis
914 2208 1077 2278 comparatis
1090 2208 1261 2264 Waltherum

154 2309 187 2364 in
210 2308 325 2368 Observ.
348 2310 375 2364 in
406 2309 470 2366 Tac.
501 2310 582 2382 Spec.
605 2309 638 2366 11.
660 2327 687 2381 p
712 2307 760 2365 17.
789 2308 856 2364 Anu.
879 2309 934 2380 XI,
967 2306 1015 2363 17.
1045 2310 1101 2366 init.
1131 2310 1261 2381 pluralem

156 2411 353 2471 memorabant
380 2413 407 2469 in
429 2413 595 2484 singularem
615 2428 753 2469 nurnerum
775 2411 952 2469 memorabat
972 2413 1044 2469 bene
1057 2420 1177 2471 mutasse
1191 2432 1260 2471 cen-

153 2531 214 2571 soo.
257 2515 389 2570 italici
412 2515 483 2570 enim
496 2521 555 2570 erat
566 2531 599 2570 ea
612 2529 775 2583 memorare,
798 2530 867 2584 quae
883 2514 991 2569 Tacitus
1006 2515 1041 2570 ad
1055 2516 1131 2586 vulgi
1146 2518 1260 2588 gratiam

155 2623 184 2672 et
205 2616 328 2674 iasonem
342 2615 499 2686 quaerenda
510 2615 775 2685 jactaesserelert,
798 2630 853 2671 non
874 2616 1041 2687 illorum,
1065 2619 1109 2688 qui
1129 2618 1171 2674 his
1193 2620 1259 2690 ipsis

153 2718 253 2789 rebus,
278 2733 346 2789 quae
367 2733 419 2788 pro
441 2716 526 2772 Italici
541 2717 661 2789 partibus
686 2724 852 2774 memoratae
874 2724 965 2788 erant,
988 2718 1070 2775 evicti
1092 2727 1119 2776 et
1132 2722 1260 2778 commoti

150 2820 279 2892 juvenem
301 2836 397 2891 regem
418 2820 610 2892 sequebantur⁴
639 2819 761 2876 Plurales
784 2836 902 2891 coepere
925 2827 953 2875 et
973 2820 1169 2893 sequebantur
1191 2823 1256 2879 lor·-

154 2939 224 2981 mam
245 2921 441 2983 memorabant
467 2923 601 2994 neumae,
624 2922 705 2979 iacile
728 2929 771 2979 est
785 2921 939 2979 intellectu.
983 2923 1056 2981 Sane
1073 2926 1257 2997 aegrotem,

153 3026 228 3096 quod
249 3026 375 3083 Walther
395 3026 457 3097 ipse
485 3042 560 3081 suam
589 3025 766 3081 cordasimam
788 3025 1005 3083 emendationem
1032 3034 1130 3098 postea
1153 3028 1257 3100 sprevit

153 3133 249 3199 utpote
271 3127 353 3184 codd.
375 3127 452 3183 blatis
473 3122 606 3183 addictus.

348 3427 420 3492 De
442 3430 606 3510 quarto
630 3428 851 3496 vitiorum
876 3445 1057 3510 gemere.

255 3569 314 3627 lam
335 3587 403 3629 uero
426 3573 588 3629 accedamus
610 3573 644 3628 ad
669 3580 789 3645 quartum
804 3573 1028 3646 genueritiornm
1041 3573 1069 3629 in
1085 3571 1166 3628 codd.
1180 3573 1256 3630 iistis

156 3671 288 3729 Mediceis
311 3673 460 3730 obviorum.
505 3676 534 3731 Si
557 3676 665 3746 qnando
688 3675 789 3732 librarii
811 3677 838 3731 in
860 3668 950 3747 aliquo
973 3675 1110 3731 vocabulo
1133 3675 1254 3747 legendo

153 3775 302 3833 haerebant
332 3775 447 3846 incerti,
477 3777 540 3847 qnid
574 3778 741 3850 scriberent,
770 3780 830 3836 sive
856 3794 904 3835 sua
932 3778 1038 3834 inscitia
1067 3795 1101 3835 ac
1132 3780 1255 3849 stupore,

152 3880 211 3935 sire
234 3877 308 3950 quod
329 3877 424 3932 literae
435 3877 465 3932 in
477 3886 585 3937 vetusto
599 3881 748 3953 exemplari
760 3898 854 3954 parum
869 3882 943 3938 clara
956 3888 984 3938 et
997 3881 1123 3939 distincte
1135 3879 1255 3952 scriptae

155 4045 408 4055 ...αι-...μνῆ

171 4138 219 4205 20)
237 4142 323 4194 Etiam
340 4141 510 4194 Petarsenias
528 4140 547 4194 l.
565 4140 583 4193 1.
600 4140 631 4198 11.
649 4158 676 4210 p.
694 4141 737 4197 20.
755 4142 898 4210 lectionem
913 4145 1049 4210 perseam
1064 4139 1197 4209 probarit.
