2934 4775
709 273 861 366 aa..

236 474 359 544 Acatars
372 480 528 546 postremo,
552 489 631 544 qaum
645 479 802 545 opportuno
825 477 1021 544 tempererare
1036 470 1150 542 aliquam
1165 469 1263 526 iactam
1273 484 1329 525 erae

236 576 341 632 dicitur.
386 577 427 631 Oi.
450 576 540 632 Haasii
556 583 648 631 notam
670 576 741 631 567.
765 575 926 645 odReisigii
939 574 1154 630 Commentarios
1177 573 1212 629 de
1225 570 1329 628 Gmmm.

232 679 289 733 Lat.
314 681 341 743 §.
364 678 442 749 3983
468 680 513 751 qui
535 686 623 734 umen
639 679 812 749 iocationes,
834 680 866 732 ia
886 678 948 746 dio,
969 679 1001 731 ia
1022 693 1116 747 amo,
1138 677 1171 730 ta
1192 674 1269 731 bora
1290 673 1329 727 ie·

237 782 307 836 viter
330 787 429 836 tactum
452 782 606 837 intransitu
629 783 732 853 attigit:
757 782 791 837 de
807 781 902 851 quibas
917 780 980 835 vide
1002 779 1124 834 Ruddim.
1148 778 1180 834 11.
1208 795 1236 850 p.
1266 775 1327 831 aab.

234 890 290 938 not.
313 882 342 938 8.
365 892 393 940 et
411 885 518 939 Ramsh.
543 884 588 939 Gr.
610 885 667 939 Lat.
698 887 725 950 §.
754 883 821 940 idfl.
849 890 905 939 not.
928 881 996 953 d,g.
1025 898 1053 954 p.
1074 881 1147 936 158.
1190 880 1249 935 dam
1268 894 1327 935 vero

234 986 319 1040 tribus
348 987 401 1042 iltis
430 987 500 1042 locis
537 1003 552 1041 a
582 987 743 1043 Petersenio
772 987 860 1041 altatis
887 985 1093 1057 praepositione
1119 985 1151 1039 ia
1179 983 1327 1054 apetium

234 1090 365 1160 temporis
381 1090 565 1160 significatur,
588 1091 682 1145 inter
704 1090 779 1162 quod
801 1105 863 1159 ree,
887 1088 922 1143 de
945 1089 1040 1159 quibua
1053 1093 1183 1143 auctores
1205 1086 1326 1153 referunt,

234 1190 326 1247 tactae
355 1192 415 1248 aiat.
460 1193 576 1248 Primum
598 1194 706 1265 quidem
735 1193 826 1248 locum
855 1191 993 1262 Reiaigiua
1022 1191 1039 1246 1.
1063 1190 1081 1245 1.
1099 1190 1156 1260 jam
1179 1187 1326 1259 explicavit,
1423 1245 1424 1262 2

234 1293 383 1349 secundum
412 1311 498 1366 vero,
528 1296 572 1366 qui
600 1296 665 1351 Tac.
693 1294 727 1350 A.
756 1296 823 1365 XV,
856 1295 883 1349 7.
910 1293 1028 1374 legitur,
1051 1292 1166 1348 iduatas
1194 1291 1212 1346 1.
1234 1291 1250 1345 t.
1272 1303 1325 1345 carr
1423 1295 1424 1320 ³

230 1394 289 1450 aliis
310 1396 407 1451 talibus
430 1393 473 1462 (v.
495 1397 529 1454 A.
553 1397 604 1468 xl,
628 1397 677 1452 29.
700 1397 779 1467 11111,
809 1395 949 1465 11111,
973 1392 1055 1466 893,
1079 1395 1125 1450 ubi
1153 1396 1217 1450 itera
1247 1409 1279 1449 eo
1298 1392 1324 1445 ia
1423 1379 1424 1404 ¹

229 1505 354 1572 temporo
376 1499 517 1571 scribitur,
547 1516 690 1570 perperam
712 1499 747 1553 ad
769 1499 880 1553 alteram
906 1498 979 1553 iliam
1007 1497 1199 1554 condicionem
1220 1494 1320 1551 rettrdit.

231 1600 268 1656 At
289 1601 326 1656 ibi
349 1617 403 1656 noa
427 1602 462 1657 de
485 1607 557 1655 stata
579 1618 611 1657 ac
634 1602 740 1657 ratione
769 1607 937 1672 temporum,
959 1601 1010 1657 aed
1032 1601 1067 1657 de
1089 1600 1180 1672 spatio
1202 1596 1322 1669 coapata

230 1710 373 1775 usurpatur
396 1720 429 1759 ea
451 1704 565 1760 locutio.
610 1704 738 1760 Ceterum
766 1720 816 1776 pro
839 1704 960 1760 lectione
980 1704 1052 1760 toto
1075 1701 1129 1758 eibi
1151 1704 1214 1759 dia
1234 1699 1324 1757 iaciant

227 1806 255 1860 hi
277 1805 347 1861 loci:
385 1806 416 1861 11.
447 1807 473 1877 1,
505 1805 554 1862 13.
584 1807 639 1863 init.
671 1809 811 1880 iasiyaem
839 1809 913 1863 itta
942 1807 1002 1863 dio
1024 1808 1117 1861 abaco
1138 1805 1329 1878 Semproniam-

232 1908 357 1964 Deasam
386 1917 487 1965 aoatro
511 1918 594 1965 aeica
615 1911 703 1979 oidit3
726 1909 757 1965 Η.
780 1910 835 1981 lv,
858 1909 908 1965 Ab.
929 1912 1011 1982 isque
1030 1909 1096 1981 fiatis
1117 1909 1149 1963 il
1156 1909 1194 1964 da
1215 1909 1251 1963 di
1258 1923 1279 1962 e.

331 2012 366 2066 A.
388 2013 467 2083 1111,
481 2011 529 2067 23.
559 2013 621 2068 cod.
645 2013 695 2068 Ma.
726 2012 839 2068 exhibet
859 2012 938 2068 Jobis
965 2028 1016 2084 pro
1037 2012 1116 2067 Joois
1145 2015 1176 2067 et
1209 2008 1324 2067 Vobitlas

226 2130 278 2186 pro
300 2115 449 2184 Bootlloa,·
480 2131 504 2170 c.
528 2113 576 2168 21.
600 2115 790 2186 adprocatom
815 2116 871 2169 cim
899 2131 951 2186 pro
980 2112 1172 2187 adprobatam
1193 2115 1255 2168 oica.
1295 2109 1323 2164 A.

229 2217 309 2286 xvi,
334 2215 361 2273 1.
383 2224 475 2272 meato
494 2217 609 2271 tarotda
630 2232 681 2286 pro
703 2233 740 2272 m.
763 2214 896 2286 turbida3
920 2233 943 2272 c.
968 2216 1018 2276 22.
1040 2215 1185 2275 Foboaioa
1203 2231 1254 2289 pro
1268 2213 1320 2269 Fo-

225 2321 325 2374 oom'os
333 2339 344 2389 ‚-
367 2334 391 2373 c.
406 2317 454 2374 23.
467 2325 496 2373 et
509 2316 558 2373 30.
569 2318 692 2373 Saoiaoa
704 2333 756 2390 pro
769 2317 901 2374 Sabaea.
937 2318 971 2376 H.
983 2319 1010 2391 1,
1031 2318 1057 2375 1.
1073 2319 1146 2376 libor
1173 2336 1224 2393 pro
1239 2319 1322 2383 licon

226 2438 250 2477 c.
273 2421 301 2476 b.
326 2419 450 2477 barroae
479 2437 530 2492 pro
565 2421 711 2492 Varrone3
733 2400 771 2479 11.
788 2423 831 2493 11,
854 2422 904 2479 58.
925 2439 966 2494 pr.
990 2424 1087 2479 odoiao
1109 2440 1162 2495 pro
1187 2422 1294 2481 Albino.

325 2524 433 2580 Litorae
455 2523 470 2578 b
493 2531 520 2580 et
542 2524 562 2580 d
590 2532 618 2579 ut
640 2525 667 2580 in
688 2525 749 2581 aliia
777 2526 858 2582 codd.
882 2527 958 2582 idatio
985 2521 1054 2598 ⁵⁸),
1084 2527 1120 2582 ita
1147 2527 1177 2583 in
1197 2521 1319 2599 Mediceis

224 2643 309 2699 saepe
331 2628 464 2685 confusae
490 2634 560 2684 auat
603 2628 651 2684 Sic
672 2627 706 2685 A.
729 2629 756 2699 Ι,
782 2627 829 2685 10.
853 2630 945 2687 codex
974 2647 1025 2701 pro
1055 2629 1183 2686 abducta
1205 2626 1320 2686 Noroais

220 2747 300 2786 aaor
326 2731 441 2803 praebet
469 2731 596 2787 adducta
617 2732 651 2786 Ν.
673 2742 719 2800 ηιξ
742 2748 767 2787 o.
792 2730 839 2787 19.
862 2749 913 2803 pro
944 2732 979 2787 ab
1007 2733 1130 2790 aedeoim
1158 2734 1243 2790 oanis
1269 2744 1319 2785 cx·

223 2833 299 2890 bibet
329 2835 368 2889 od
396 2834 520 2891 sedecim
549 2851 594 2905 a.;
617 2833 652 2892 A.
674 2833 715 2903 11,
739 2831 767 2890 t.
790 2832 988 2891 Ariobarzane
1008 2843 1099 2892 morto
1119 2836 1245 2908 fortuito
1265 2832 1318 2889 od-

226 2990 453 3001 ——.-..—-.

244 3059 293 3123 58)
313 3060 352 3111 ita
368 3063 396 3112 in
415 3061 494 3116 codd.
512 3064 584 3114 distis
603 3062 686 3114 Taciti
705 3061 832 3114 conflandi
850 3063 920 3115 solet
938 3064 1040 3116 abditos
1058 3082 1116 3117 cum
1135 3067 1252 3129 additas,
1275 3060 1317 3114 ab·

308 3150 401 3198 dooere
425 3164 483 3198 eum
501 3150 646 3213 adducere,
671 3149 790 3216 abripere
808 3164 873 3200 cam*
884 3152 1017 3219 adripere,
1042 3151 1251 3205 absumere-cam
1271 3147 1316 3198 ad-

310 3249 425 3294 sumere,
450 3234 555 3285 avehere
574 3230 664 3302 (quasi
683 3234 820 3298 abaciam)
847 3252 905 3289 oum
929 3238 1067 3300 advehere,
1090 3241 1210 3289 aversari
1234 3232 1316 3303 (quati

307 3317 455 3384 obversam)
476 3335 535 3369 cum
549 3321 698 3384 adversari,
718 3338 824 3372 aversos
843 3339 902 3397 curn
915 3324 1050 3385 adversas„
1075 3321 1113 3377 cf.
1132 3316 1318 3375 Waltheriind.

309 3414 408 3458 annott.
426 3404 474 3457 sub
492 3405 533 3456 his
548 3421 592 3457 vv.
629 3405 671 3456 Sic
683 3406 752 3461 Vetl.
771 3405 808 3469 11,
821 3403 855 3460 20
863 3446 871 3471 ,
885 3404 909 3459 1.
921 3410 949 3458 in
961 3409 1002 3459 ed.
1016 3425 1056 3475 pr.
1069 3416 1095 3459 et
1109 3424 1202 3477 apogr.
1217 3400 1316 3459 Amerb.

306 3492 449 3560 adlegitur
461 3509 508 3559 pro
521 3492 561 3545 ab.
589 3492 699 3544 Martial.
710 3490 779 3556 vill,
798 3490 848 3556 56,
868 3490 909 3549 13.
929 3495 989 3549 cod.
1002 3493 1134 3545 Palatinus
1148 3493 1182 3559 (t.
1195 3485 1314 3550 Gratata)
1423 3500 1424 3503 ’

306 3578 425 3628 adstabat
443 3577 548 3630 exhibet
565 3594 613 3645 pro
633 3577 761 3630 adstabat.
795 3578 870 3631 Mart.
887 3578 934 3642 lX,
953 3579 1003 3642 41,
1020 3578 1046 3632 8.
1066 3580 1146 3632 editio
1159 3581 1274 3632 Romana
1291 3588 1314 3624 a.

306 3660 381 3718 1173.
399 3678 499 3730 eaque,
524 3680 601 3732 quam
626 3664 774 3715 Scriverius
797 3666 942 3731 prinoipem
968 3664 1046 3729 dicit,
1069 3667 1168 3732 yaodia
1188 3665 1248 3733 [aba
1269 3674 1313 3727 pro

301 3748 400 3814 aaudiat
421 3749 499 3812 foedo
517 3747 607 3813 (feda)
618 3748 756 3815 praebent·
793 3748 915 3817 Denique
927 3749 994 3813 Xlil,
1012 3748 1062 3814 81,
1083 3751 1105 3804 1.
1119 3752 1146 3802 ia
1168 3750 1245 3804 codd.
1258 3741 1316 3798 X.C·

304 3831 396 3882 abesae
413 3832 510 3900 legitur
527 3849 575 3899 pro
594 3836 722 3900 scriptura
742 3834 821 3892 codd.
839 3834 867 3888 Τ.
885 3834 917 3885 A.
936 3834 967 3890 Β.
986 3833 1015 3888 G.
1033 3835 1063 3886 P.
1083 3837 1176 3888 adesus
1202 3843 1246 3887 aut
1269 3829 1316 3882 ad-

302 3920 393 3980 beaus‚·
412 3917 457 3971 ubi
475 3917 695 3977 Schneidewinua
714 3922 808 3971 adesos
832 3928 906 3973 recte
931 3921 1057 3986 praetulit
1080 3921 1206 3990 vulgatae
1231 3918 1317 3970 obesas
1423 3940 1424 3979 j

304 4020 371 4073 quac
390 4020 423 4056 ex
446 4003 564 4058 lectione
588 4005 680 4058 obesas
705 4008 837 4075 originem
858 4015 983 4059 traxerat.
1025 4005 1087 4058 Alia
1110 4007 1165 4060 aid.
1190 4010 1216 4058 ia
1240 4003 1315 4055 Kritz.
1423 4000 1424 4007 ’

302 4090 429 4160 Prolegg.
466 4092 499 4143 ad
517 4092 586 4146 Veli.
609 4092 665 4146 Pat.
683 4109 710 4161 p.
734 4093 875 4145 Lxxxvrl.
900 4101 927 4146 et
948 4095 975 4173 ir}
992 4094 1163 4174 Scioppiidc
1181 4099 1238 4148 arto
1257 4087 1312 4140 crit.
1423 4110 1424 4117 κ

302 4185 441 4230 comment.
460 4194 481 4232 s.
499 4194 543 4234 vv.
562 4180 642 4247 dpro
660 4179 683 4233 b.
1423 4172 1424 4195 ¹
