2934 4775
689 299 837 394 „ea-

210 505 358 574 loporator
372 503 406 559 bl.
429 503 587 580 relipotor,
610 499 672 556 edd.
694 505 759 556 vett.
782 499 929 570 relepetor
942 495 1083 554 exhibent:
1107 509 1184 565 quam
1201 491 1308 563 qaidmr

209 607 383 677 scripturam,
413 605 477 666 licet
506 620 592 677 nuper
621 602 809 673 Kiessliagio,
836 601 995 671 Walthero,
1025 598 1145 668 bachio,
1175 595 1306 666 Rupertic

208 708 366 779 probatam,
388 709 513 779 equidem
534 708 562 762 in
582 711 685 762 textam
707 703 778 760 baud
800 704 960 774 receperim.
1003 701 1110 757 Etenim
1132 714 1201 769 quae
1223 698 1306 754 Wal-

208 812 270 866 ther
293 811 379 867 attulit
401 810 540 881 exempla,
569 815 598 864 ut
626 808 756 880 probaret
785 813 928 861 senatores
950 804 1110 860 seutentiam
1133 802 1228 858 dantes
1251 800 1304 857 dici
1344 803 1352 814 “

209 913 320 979 iacere,
343 913 417 984 quod
445 913 502 968 deri
529 912 648 981 vellent,
677 927 710 966 ea
733 911 792 982 ipsa
819 909 937 978 docent,
966 915 1020 963 tum
1042 921 1141 962 nomeu
1163 905 1239 976 ejus,
1262 905 1307 976 qui
1369 911 1380 929 ⁴

208 1015 367 1072 seutentiam
397 1014 480 1084 dixit,
510 1014 628 1069 additum
656 1012 750 1069 inisse.
799 1011 961 1083 scripsisset
988 1009 1071 1080 igitur
1098 1008 1208 1064 Tacitus
1234 1008 1260 1063 h.
1288 1008 1307 1064 l.

209 1124 255 1172 aut
276 1115 322 1172 M„
337 1117 469 1172 Pisonem
491 1158 498 1173 .
521 1157 528 1172 .
551 1158 558 1172 .
581 1117 691 1187 relepot
712 1109 789 1181 (scil,
816 1115 916 1184 Cotto,
940 1113 1014 1184 quod
1035 1127 1134 1167 nomen
1155 1110 1309 1168 nonduandi

209 1235 275 1273 casu
297 1215 471 1289 praecedit),
494 1224 539 1274 aut
553 1216 589 1274 Μ.
606 1218 673 1273 Piso
696 1257 703 1273 .
727 1257 735 1274 .
757 1259 763 1274 .
787 1215 822 1272 ol
840 1233 873 1273 eo
896 1212 930 1282 (i.
950 1231 974 1272 e.
998 1232 1017 1271 o
1030 1205 1131 1278 Cotto)
1153 1214 1306 1285 relepotar.

210 1321 328 1377 Accedit
357 1321 431 1392 quod
459 1321 568 1377 ablativi
597 1321 713 1376 absoluti
744 1328 833 1376 emota
862 1320 999 1391 dipm'tate
1029 1327 1057 1374 et
1078 1321 1196 1390 accepto
1220 1317 1306 1389 puin-

209 1425 329 1496 poopies
352 1426 483 1480 sestertio
506 1424 544 1480 illi
565 1424 717 1480 sententiae
731 1422 940 1479 conformationi
962 1438 1055 1495 parum
1077 1421 1241 1478 conveniunt
1261 1427 1307 1476 st·

209 1542 262 1597 que
292 1527 492 1597 ambiguitatem
519 1528 653 1582 sermonis
681 1542 736 1582 non
764 1525 937 1582 mediocriter
963 1531 1075 1595 sugent.
1118 1523 1221 1580 Contra
1241 1522 1304 1579 vul-

210 1634 274 1698 gata
304 1629 436 1699 scriptura
467 1630 584 1684 iirmatur
610 1628 688 1684 simili
722 1628 867 1684 verborum
898 1626 1102 1683 constructione
1131 1621 1174 1682 Α.
1192 1625 1229 1696 ll,
1252 1625 1304 1682 85.

208 1737 277 1786 extr.
300 1736 417 1801 reperta.
463 1729 587 1787 Ceterum
609 1731 690 1788 facile
711 1738 826 1803 propter
847 1729 948 1786 librarii
970 1728 1102 1785 inscitiam
1125 1728 1182 1784 deri
1203 1729 1302 1799 potuit,

206 1840 236 1888 ut
257 1832 298 1902 is,
322 1833 421 1906 quippe
444 1832 489 1903 qui
510 1835 641 1890 rationem
663 1831 828 1905 conjunctivi
850 1834 1031 1904 releporetor
1052 1847 1106 1887 non
1129 1830 1307 1902 intelligeret,

208 1951 341 2007 perverse
369 1936 488 1994 instituta
511 1937 656 1993 verborum
686 1935 892 1993 construetione
915 1934 1103 2007 compendium
1124 1934 1191 1990 illud
1212 1933 1305 2004 negli-

209 2045 304 2108 geret:
335 2037 370 2094 de
400 2053 455 2109 quo
482 2038 619 2096 uberrimo
646 2040 723 2095 icute
752 2038 965 2110 corruptelarum
993 2055 1054 2094 eam
1089 2038 1116 2093 in
1145 2037 1204 2093 aliis
1232 2037 1308 2093 scri-

208 2140 332 2210 ptoribus
347 2147 402 2196 tum
415 2141 440 2195 in
455 2141 541 2196 Taciti
556 2142 631 2197 libris
647 2142 875 2214 deprehensarum
889 2140 943 2197 alio
957 2140 1022 2197 leco
1035 2139 1111 2212 plura
1133 2138 1308 2196 disseremus.

309 2242 375 2297 item
396 2243 423 2297 in
442 2243 492 2299 bia.
515 2243 614 2313 legitur
636 2242 668 2299 Α.
691 2243 771 2312 XVI,
796 2241 844 2298 21.
867 2259 931 2298 cam
952 2242 987 2298 de
1008 2242 1165 2314 Aprippino
1182 2242 1311 2312 ferretus·

207 2359 258 2416 pro
289 2361 312 2401 o.
343 2345 369 2402 d.
391 2344 425 2402 A.
453 2346 627 2417 reserretar3
656 2352 684 2401 et
710 2361 734 2400 e.
759 2344 807 2400 22.
837 2345 920 2402 lectio
949 2342 1100 2401 trabum.
1123 2346 1230 2419 spernit
1257 2346 1307 2403 lc-

207 2447 306 2517 pioaes
329 2454 389 2502 orta
411 2464 447 2503 ex
480 2448 621 2519 archetypi
648 2448 781 2519 scriptura
810 2450 918 2521 spernit
938 2449 1093 2520 *lipiooes
1113 2449 1130 2504 i.
1153 2464 1176 2504 e.
1199 2451 1308 2521 spermit

207 2550 368 2621 relipioues.
411 2550 442 2605 li.
466 2551 520 2621 tv,
544 2549 593 2606 de.
615 2551 676 2606 libri
689 2551 750 2606 bisti
772 2558 801 2607 et
822 2551 887 2607 edd.
912 2558 976 2633 vett.
990 2551 1119 2607 exhibent
1140 2567 1229 2623 supro
1247 2568 1306 2623 pc-

208 2654 277 2708 tiero
299 2668 350 2724 pro
372 2669 460 2725 sopra
475 2655 627 2726 repetiero·
670 2654 701 2709 ll.
725 2652 767 2725 V,
790 2655 818 2709 8.
841 2653 1024 2725 discrepantia
1039 2653 1181 2723 codlcum,
1204 2669 1221 2709 e
1242 2654 1306 2723 qui-

208 2755 258 2810 bus
280 2755 331 2811 lla.
360 2762 386 2811 et
409 2757 469 2811 Vat.
491 2756 574 2827 Lipsii
603 2757 730 2827 dempio,
755 2755 785 2810 O.
808 2757 960 2828 deoiopio,
983 2755 1012 2810 F,
1035 2756 1163 2827 deiopic.
1194 2755 1225 2810 R.
1247 2757 1305 2812 de·

206 2860 301 2930 sipia,
330 2857 360 2914 B.
390 2858 506 2930 deiopio
538 2859 583 2915 vel
612 2860 727 2932 decipio
764 2858 911 2930 praebent,
940 2859 973 2914 ab
1002 2858 1142 2929 archetypi
1171 2858 1304 2930 scriptura

207 2947 330 3031 deisfps'a
351 2961 368 3016 i.
392 2976 416 3017 e.
439 2962 505 3017 dein
526 2964 621 3033 cepio,
652 2978 721 3033 quae
749 2968 791 3017 est
812 2961 896 3018 lectio
920 2977 955 3017 ex
977 2961 1092 3019 blereeri
1115 2960 1303 3017 emendatione

207 3060 334 3131 vulgata,
361 3063 495 3132 originem
524 3065 604 3135 cepit.
654 3064 748 3135 ltaque
776 3079 854 3133 quum
882 3064 917 3120 Α.
937 3065 1002 3134 XV,
1027 3063 1056 3118 2.
1078 3070 1147 3119 eutr.
1170 3064 1222 3119 lla.
1245 3080 1303 3119 ec-

207 3162 308 3233 lurbo,
332 3161 394 3219 Cli.
416 3172 444 3219 et
466 3165 509 3221 ed.
532 3166 602 3237 Spir.
626 3164 778 3237 eotarbot,
807 3167 868 3222 libri
889 3167 1005 3221 familiae
1027 3167 1178 3222 (leunensis
1199 3166 1301 3236 vulga-

206 3273 260 3323 tum
275 3263 432 3331 ,exturbari
454 3266 615 3337 exhibeant,
639 3267 827 3339 compendium
850 3254 979 3324 cotardia*
1010 3267 1037 3322 in
1059 3268 1209 3339 archetypo
1233 3282 1304 3323 exa-

105 3392 106 3395 *
206 3377 305 3440 ratum,
328 3367 378 3425 sed
392 3375 489 3440 postea
505 3369 577 3425 iorte
592 3369 773 3442 obliteratum,
798 3371 1012 3442 corrumpendae
1027 3373 1102 3427 vario
1126 3370 1207 3427 modo
1230 3369 1303 3426 scri-

205 3479 301 3543 pturae
330 3489 421 3528 ausam
451 3471 562 3528 dedisse
591 3473 719 3542 conjicio.
770 3473 951 3532 Certissimam
979 3474 1061 3545 igitur
1083 3475 1201 3530 Ernestii
1231 3482 1302 3529 con-

205 3573 335 3630 iecturam
357 3574 511 3632 extortam
538 3575 575 3631 nil
597 3576 690 3632 dubito
713 3576 913 3634 commendare.
958 3574 1122 3648 Quamquam
1144 3578 1215 3635 enim
1236 3591 1303 3633 ver-

206 3675 268 3730 bnm
289 3679 435 3734 mandauit
463 3678 620 3735 accusativo
650 3694 673 3734 c.
696 3679 744 3735 ini.
772 3694 846 3750 pass.
876 3678 1007 3749 coniungi
1028 3686 1122 3751 potest
1149 3675 1203 3746 (cl.
1226 3680 1301 3735 Suet,

207 3777 265 3833 Tib.
290 3777 339 3834 65.
362 3775 465 3851 extu),
487 3788 594 3852 tamen,
618 3797 695 3852 quum
717 3780 824 3838 Monesi
846 3797 937 3837 curam
951 3780 1077 3852 Tigranis
1099 3781 1225 3839 Armenia
1248 3797 1303 3837 ex-

205 3879 325 3953 pellendi
354 3880 503 3938 mandatam
532 3900 597 3942 esse
626 3900 662 3940 ex
694 3899 719 3939 c.
749 3882 778 3940 d.
807 3882 864 3940 init.
893 3890 1018 3956 constet,
1047 3884 1112 3940 illud
1133 3885 1244 3941 verbum
1266 3884 1303 3943 at

210 4012 453 4029 -qun--ae-——u

291 4101 370 4175 bh,3
392 4104 420 4154 in
442 4103 502 4157 cod.
528 4104 693 4157 blurbacensi
715 4104 841 4157 Rurerius
861 4120 974 4174 parasse,
1004 4107 1191 4160 Amerbachius
1212 4108 1305 4176 pareri

290 4189 425 4258 tegerone
443 4190 566 4258 vulg-tm
583 4206 652 4243 uero
670 4206 703 4243 ex
722 4199 794 4243 certa
811 4191 914 4243 baresii
932 4193 1085 4245 coniectura
1099 4209 1204 4262 parere.
