2934 4775
680 261 833 352 *1-2*

205 459 389 518 bicdieeoraan
409 457 541 515 aodioam
558 459 671 515 sanandi
685 464 749 516 arnt
769 457 825 516 laci
848 457 988 528 demarati
1001 456 1167 527 conjectoris
1189 456 1309 527 quidem,

205 565 255 620 scd
276 563 395 632 undique
417 562 622 633 cienmapaetis
652 568 681 618 et
702 561 884 618 consideratis
912 567 941 616 et
969 576 1038 632 quae
1061 560 1223 618 certioribus
1246 560 1311 614 aru's

205 667 314 738 tegibus
343 672 494 737 regantur,
520 682 599 735 mana
628 663 723 738 quibas
755 665 976 735 obtemperarunt
1004 671 1115 722 vetares
1143 663 1310 733 grammatici

205 776 233 825 et
255 770 358 826 librarii
386 770 452 830 artis
475 768 588 825 criticae
608 774 638 822 at
659 767 724 823 fidei
752 767 958 838 diplomaticae,
989 773 1084 837 utpute
1106 781 1196 826 rerum
1217 766 1250 822 ab
1273 767 1309 822 il·

205 872 292 932 lorum
314 881 465 945 temporum
486 871 600 942 iugenio
615 870 781 940 alienarum,
803 871 901 941 ignari
946 869 990 926 Ad
1004 883 1124 928 norman
1145 876 1175 926 et
1187 870 1309 939 regebam

203 976 318 1046 Qum
340 997 390 1020 ·-·
409 974 481 1029 hand
506 974 570 1029 bave
590 989 665 1029 aene
696 973 837 1043 negotium
860 999 899 1009 -
918 973 1150 1042 ,conjecturarum
1170 988 1217 1032 aaa
1239 972 1308 1032 tirt-

203 1078 293 1150 genda
314 1084 375 1147 est,
404 1093 442 1133 na
463 1076 627 1148 chrapbdim
649 1076 774 1132 evitaturi
796 1076 822 1131 in
845 1075 964 1146 Sextiam
987 1075 1153 1145 incidamus,
1175 1074 1227 1134 aed
1248 1091 1308 1131 me·

207 1182 280 1236 diurn
310 1185 338 1236 at
364 1188 467 1244 raetiam
490 1181 550 1235 iter
578 1180 648 1235 inter
677 1180 795 1250 ineptam
818 1179 1030 1235 membranarum
1050 1178 1258 1235 adhumanas
1278 1186 1307 1236 et

203 1283 389 1339 bentheianana
411 1283 721 1338 andanumteuaarnus.
764 1282 800 1337 Et
820 1281 971 1353 probabilia
1001 1281 1095 1336 oritiea
1118 1281 1227 1351 quim
1246 1284 1308 1340 uni·

203 1401 285 1444 verse
307 1387 474 1458 expendenti
495 1394 551 1452 tres
572 1402 638 1444 essa
661 1385 842 1442 condiciones
856 1385 1014 1455 videantur,
1037 1384 1192 1455 arantes
1214 1394 1308 1443 cartre

202 1488 356 1545 audentiae
377 1490 437 1544 iaus
460 1489 627 1560 conjecturis
649 1489 790 1544 tribuenda
812 1489 863 1558 sit,
887 1503 1044 1559 qumquam
1066 1488 1123 1544 tari
1145 1495 1255 1560 potest,
1277 1496 1308 1546 ut

204 1591 291 1662 aliqua
321 1593 495 1662 conjectura,
526 1608 596 1662 qnae
626 1608 676 1647 nna
706 1592 828 1648 alterave
856 1592 948 1647 hrum
977 1590 1169 1648 condicionum
1200 1599 1304 1661 careat,

200 1694 349 1764 probabilis
372 1702 460 1750 tamen
482 1695 524 1750 sit.
572 1694 687 1749 Constat
708 1693 768 1749 fere
790 1694 860 1748 inter
874 1694 952 1764 hujus
975 1694 1035 1750 aevi
1052 1694 1163 1752 criticos
1185 1709 1303 1754 necesse

200 1813 281 1866 esse,
304 1798 415 1868 primum
438 1797 563 1853 ecdicum
579 1798 709 1853 histornm
731 1796 814 1852 lectio
830 1797 890 1852 sine
912 1814 1009 1852 sensas
1023 1797 1191 1853 sermonisve
1208 1796 1306 1851 damno

200 1897 266 1955 ierri
288 1907 421 1972 nequeat,
445 1900 544 1956 deinde
566 1901 719 1956 emendatio
743 1885 887 1972 proposita
909 1901 1061 1956 sententiae
1084 1907 1117 1966 et,
1132 1899 1191 1954 usui
1213 1900 1305 1970 scrip·

200 2003 267 2060 toris
295 2003 376 2074 piane
400 2004 562 2078 conveniat,
592 2010 733 2075 postremo
761 2004 870 2074 legibus
893 2006 958 2060 artis
988 1983 1239 2076 palaeographicae
1266 2004 1304 2058 ita

199 2106 421 2176 obtemperetur,
442 2113 471 2162 ut
491 2106 652 2176 conjectura
676 2106 839 2177 optimorum
861 2105 988 2162 ecdicum
1017 2106 1206 2176 vestigiisne
1227 2107 1304 2163 simi·

198 2208 303 2263 litudini
334 2208 459 2265 ductuum
488 2208 625 2265 literarum
652 2225 732 2279 quam
760 2209 876 2264 maxime
905 2209 1101 2264 accomodatur
1126 2205 1168 2272 ⁸).
1219 2210 1304 2281 Igitur

199 2309 348 2366 Tacitinnm
369 2319 471 2368 textum
495 2308 662 2377 conjecturis
681 2310 838 2367 emendanti
855 2328 888 2367 ea
910 2312 957 2367 lex
980 2311 1169 2367 constituenda
1190 2320 1242 2383 est,
1264 2319 1303 2383 nt,

197 2422 307 2470 servato
331 2394 563 2487 quantumcunque
585 2431 697 2471 servare
724 2408 809 2487 lieet,
837 2415 1000 2471 lectionibus
1023 2414 1148 2471 codicum
1160 2417 1304 2472 Medioeo·

197 2534 269 2588 rum,
292 2519 414 2590 quamvis
434 2535 519 2590 saepe
539 2503 671 2590 perquam
684 2520 838 2592 corruptis,
862 2519 1079 2575 emendationem
1101 2528 1229 2579 accurate
1251 2536 1302 2575 ac·

198 2622 328 2689 comedet
350 2629 431 2692 atque
454 2620 588 2692 applicet,
617 2639 688 2680 nave
709 2623 765 2679 ulla
789 2624 906 2693 vestigia
928 2623 1086 2695 archetypi,
1109 2623 1226 2694 quaein
1249 2623 1302 2677 du-

197 2724 284 2780 ctibus
306 2725 442 2780 literarum
464 2724 566 2795 latent,
597 2724 740 2795 negligat,
763 2742 818 2795 qno
842 2725 876 2779 ad
899 2726 1037 2795 genuinae
1059 2727 1209 2797 scripturae
1230 2708 1298 2781 reh-

197 2827 273 2898 quias
296 2827 322 2883 in
346 2834 445 2882 tanturn
468 2829 593 2898 accedat,
617 2835 742 2900 quantam
764 2843 815 2899 pro
831 2826 964 2898 sollertia,
987 2829 1123 2899 acumine,
1144 2830 1301 2900 subtilitate,

196 2930 347 3000 sagacitate
360 2931 419 2985 heri
432 2938 534 3003 potest.
578 2931 703 2986 Attamen
719 2946 836 3001 vereor,
858 2935 887 2985 nt
900 2931 969 2985 haee
982 2916 1165 3003 probabriitati
1188 2934 1300 2991 criticae

195 3031 446 3093 sufficiantzoarte
468 3033 495 3089 in
518 3034 809 3105 Tacitireeensione,
833 3034 933 3108 quippe
956 3050 1083 3107 quecea
1106 3036 1188 3105 unius.
1207 3064 1247 3075 -
1270 3043 1301 3091 ut

194 3134 302 3189 videtur
326 3158 365 3173 -··
390 3135 532 3207 archetypi
555 3136 609 3193 fide
624 3136 821 3195 constituenda
842 3137 893 3203 sit,
915 3138 997 3195 oham
1018 3146 1072 3194 tum
1095 3140 1146 3195 alia
1169 3139 1298 3197 condicio

197 3237 383 3307 desideratur,
406 3239 530 3308 quamsi
554 3240 730 3310 tribunitiis,
754 3239 790 3294 da
819 3241 916 3311 quibus
946 3243 1029 3298 modo
1058 3243 1166 3313 rettuli,
1190 3241 1298 3296 cautio-

193 3343 271 3397 nibus
295 3339 444 3415 adjungas,
468 3340 685 3398 emendationem
707 3342 741 3416 ab
765 3345 836 3398 omni
858 3353 936 3415 parte
958 3352 1040 3401 tutam
1063 3345 1124 3399 iore
1143 3328 1207 3409 jure
1229 3359 1297 3414 spe-

114 3467 116 3471 ·
195 3447 313 3501 raveris:
339 3463 496 3518 quamquam
523 3436 650 3501 universe
680 3447 766 3503 critici
795 3448 936 3519 hucusque
957 3449 1071 3502 animum
1099 3464 1192 3518 parum
1214 3448 1248 3502 ad
1269 3448 1297 3502 id

195 3549 345 3606 attendisse
367 3551 429 3607 mihi
451 3549 583 3619 videntur.
627 3551 773 3622 Postquam
797 3552 905 3623 enimin
926 3551 1148 3624 inscriptionibus
1170 3551 1298 3624 legendis

202 3711 446 3725 —--—..----—....—.

224 3826 257 3892 8)
275 3827 360 3896 Digna
378 3838 438 3882 aunt
455 3832 537 3896 lectu,
556 3849 623 3900 quae
640 3835 668 3884 in
682 3834 883 3887 Zinamannanni
901 3833 997 3886 Diariis
1016 3837 1100 3903 antiq:
1116 3836 1165 3886 litt
1185 3831 1295 3886 a'1835

275 3931 320 3968 ao.
338 3916 380 3970 58t
393 3935 418 3984 p.
434 3917 493 3971 aba.
512 3936 552 3987 sq·
565 3936 678 3971 summus
692 3922 799 3972 criticus
816 3921 859 3973 Fr.
870 3921 1010 3973 danobsius
1029 3922 1063 3972 de
1075 3921 1126 3973 hoe
1140 3927 1294 3986 argumento

277 4001 428 4068 disputavit.
463 4004 552 4057 insunt
575 4018 706 4058 censurae
728 4006 909 4070 Proiusionis,
934 4006 1120 4074 ,quamindiai
1144 4004 1293 4057 schedarum

209 4116 213 4127 ·
276 4104 324 4156 par
342 4091 452 4155 primum
477 4100 605 4143 semestre
628 4108 652 4145 a.
680 4088 746 4145 1834
770 4095 796 4143 in
815 4093 897 4147 Aead.
916 4095 998 4158 hosp.
1015 4091 1194 4159 iubendarum
1213 4106 1293 4159 prae-

276 4177 346 4226 misit
365 4174 424 4228 Gar.
442 4177 634 4246 hiergenstern.
