2934 4775
635 259 781 351 ..ffl-

156 468 255 525 tuctunr
277 467 337 533 est,
358 459 435 517 utA.
458 460 525 530 XV,
549 459 598 515 50.
620 459 675 515 init.
690 445 882 530 delipendum'
899 472 1043 529 quoque
1062 456 1147 527 fessis
1169 454 1254 512 rebus

156 572 324 621 succureret
351 579 403 635 pro
431 562 549 633 genuine
575 560 696 617 lectione
717 561 981 633 demendumque,
1011 560 1072 631 qui
1092 559 1114 630 f.
1136 576 1157 614 r.
1181 575 1205 613 s.
1226 559 1255 615 iu

155 667 207 723 bie.
229 666 401 722 scriberetur.
446 663 547 720 contre
560 662 593 718 A.
616 662 645 733 1,
668 661 717 717 33.
741 663 832 718 codex
851 663 934 719 hebet
946 660 1117 718 credebatur
1132 663 1180 733 qui
1202 678 1254 733 pro

155 769 230 841 vulg.
253 765 479 839 credebaturque
499 772 526 822 et
549 782 573 821 c.
597 764 645 821 et.
668 766 825 839 triumpbos
847 768 895 839 qui
909 781 960 837 pro
983 764 1056 836 vulg.
1080 764 1254 838 triumphos-

157 889 219 947 que.
262 870 337 928 Idem
357 870 426 926 liber
447 868 480 924 A.
502 868 550 939 lli,
574 866 622 922 54.
645 866 752 941 sibique
767 868 877 924 exhibet
898 865 1017 940 presidi
1037 868 1164 940 quisque.
1208 866 1253 922 Si·

156 974 212 1030 mili
232 974 316 1030 modo
329 973 407 1029 locus
420 971 453 1026 A.
476 971 503 1043 l,
526 971 555 1026 8.
578 979 721 1043 corruptus
738 989 801 1028 esse
814 971 928 1028 videtur.
971 970 1011 1026 ibi
1026 970 1096 1026 euim
1111 971 1136 1025 in
1149 970 1254 1027 verbis:

156 1085 215 1133 tum
244 1057 435 1133 consultatum
463 1075 497 1130 de
525 1071 696 1130 bonoribus.-
726 1092 765 1131 ec
791 1075 853 1147 qais
880 1075 1003 1129 manime
1031 1074 1156 1144 insipnes
1185 1073 1253 1128 cisi:

155 1188 189 1235 ut
212 1186 300 1252 porta
328 1178 492 1251 triumphali
520 1177 672 1233 duceretur
697 1177 800 1248 funus,
832 1175 930 1233 Gallus
951 1175 1083 1246 Asinius,
1113 1183 1145 1231 nt
1167 1177 1256 1247 leuem

156 1281 282 1338 latarum
296 1282 372 1337 tituli
394 1322 401 1337 .
425 1322 432 1338 .
456 1319 464 1336 .
486 1280 712 1351 anteferrentur,
736 1280 766 1335 L.
782 1278 937 1335 Arruntius
951 1294 1088 1335 censuere
1104 1294 1255 1350 pronomen

160 1385 209 1457 qui
229 1390 293 1456 post
321 1385 384 1456 quis
405 1383 577 1439 inserendum
599 1365 663 1438 esse
692 1398 752 1439 cum
774 1381 941 1453 Kiesslingio
972 1388 1006 1437 et.
1027 1380 1256 1453 Bezzenbergero

156 1485 188 1551 (Ι.
210 1487 228 1542 t.
250 1503 277 1558 p.
302 1483 367 1554 il.)
403 1502 523 1554 censeo,
550 1486 587 1542 itu
615 1491 644 1540 ut
673 1484 700 1540 in
729 1485 800 1541 hunc
821 1484 930 1540 modum
951 1483 1084 1541 scribetur
1107 1490 1135 1540 et
1157 1483 1255 1540 dutin-

155 1596 269 1660 guetur:
292 1606 342 1650 ee,
359 1590 422 1661 quis
451 1589 499 1661 qui
519 1589 642 1643 nomme
663 1588 789 1658 insipnes
809 1587 878 1655 uisi,
900 1594 933 1642 ut
954 1602 1013 1656 sqq.
1059 1584 1140 1654 Quod
1165 1585 1189 1642 si
1210 1584 1254 1639 cui

155 1690 242 1746 minus
271 1690 418 1762 probetur,
441 1690 561 1746 tortusue
583 1689 745 1745 assentietur
766 1689 829 1744 huic
859 1689 1053 1759 coniecturae,
1077 1704 1144 1759 quse
1161 1703 1252 1758 quon-

158 1791 219 1849 dum
246 1793 309 1848 mihi
337 1794 365 1848 in
387 1799 503 1849 mentem
524 1799 650 1849 venerut:
675 1810 712 1848 ec
735 1794 796 1865 quis
818 1793 942 1847 manime
968 1793 1092 1863 insipnes
1120 1791 1156 1845 lei
1184 1792 1255 1846 uisi:

157 1903 189 1952 ut
225 1912 284 1967 sqq.
342 1894 378 1950 Et
413 1912 480 1952 sune
508 1911 660 1967 pronomen
692 1895 721 1950 bi
749 1885 836 1950 tacite
861 1895 985 1966 sequenti
1014 1893 1124 1974 spllubu⁴
1148 1894 1177 1949 oi
1205 1894 1256 1950 eb-

156 1999 264 2055 sorberi
295 1999 419 2071 potuisse
447 1998 601 2069 concedes,
631 1998 656 2054 si
687 1999 871 2070 reputaveris,
909 2014 978 2069 quue
1007 2013 1088 2070 supra
1115 2012 1183 2068 pug.
1206 1994 1256 2051 tu·

155 2116 215 2172 sqq.
245 2102 280 2158 de
309 2108 408 2158 octuuo
431 2102 555 2158 vitiorum
583 2115 688 2172 genere
716 2100 839 2157 dissmui
888 2100 1023 2157 Wultheri
1052 2100 1159 2169 quidem
1188 2115 1255 2155 sen·

156 2204 272 2275 mutius,
309 2219 346 2260 ex
370 2220 434 2275 ¹qus
472 2203 583 2259 verbum
610 2204 664 2257 cisi
691 2219 742 2273 pro
768 2203 908 2275 placuere
945 2202 1082 2273 accipies,
1111 2202 1178 2257 iilud
1207 2218 1255 2257 re-

158 2311 278 2375 pugnet,
308 2305 382 2375 qnod
410 2305 445 2359 de
473 2303 645 2359 censentibus
667 2304 778 2360 verbum
805 2304 896 2359 rideri
923 2320 975 2375 pro
994 2295 1116 2378 placeri
1136 2320 1190 2360 non
1211 2302 1256 2358 di-

158 2406 243 2476 citur,
273 2406 324 2460 nisi
353 2406 432 2460 tertia
460 2421 580 2476 persone
608 2406 754 2478 singularis
777 2409 879 2463 numeri
905 2406 1099 2465 infinitivo
1130 2408 1254 2478 iungitur.

163 2507 218 2564 ce.
245 2507 279 2563 A.
308 2506 373 2579 XII,
404 2505 459 2563 16:
481 2508 583 2564 Sonam
614 2510 803 2581 oppidum..
828 2551 834 2565 .
858 2507 1082 2566 obtineri..
1106 2512 1257 2566 .oisum.

157 2609 284 2681 Attlv,
308 2611 341 2665 5:
371 2609 491 2666 Visum
513 2610 614 2666 debinc
636 2611 788 2682 remiqibus
812 2627 900 2667 unum
920 2613 952 2666 in
974 2612 1050 2667 lotus
1071 2614 1258 2669 inclinare

159 2711 275 2769 Cie‘de
297 2711 353 2769 off.
374 2711 402 2784 1,
428 2711 484 2784 11,
508 2712 565 2769 36:
589 2714 658 2770 Cum
671 2714 783 2787 Popilio
805 2715 1000 2769 uideretur
1020 2720 1107 2771 unuin
1129 2717 1257 2772 dimit-

157 2821 239 2872 tere
271 2816 416 2887 lepionern.
467 2816 594 2873 Ceterum
621 2833 677 2873 nou
706 2824 763 2888 est,
794 2816 868 2888 quod
894 2817 1015 2872 lectores
1044 2835 1185 2889 murreum,
1216 2823 1256 2888 ut,

155 2919 216 2976 sive
243 2935 329 2975 meum
351 2921 552 2990 conjecturum,
580 2920 639 2976 sive
660 2918 881 2988 Bezzenbergeri
909 2920 1045 2992 probent,
1077 2922 1187 2978 verbum
1208 2923 1258 2976 ci-

158 3021 220 3076 deri
242 3037 303 3077 eum
324 3021 425 3093 duplici
446 3024 611 3079 nominetivo
634 3023 710 3094 iungi
731 3020 907 3078 meminerint.

158 3182 161 3187 .
258 3122 386 3178 Eiusdem
407 3124 573 3195 pronominis
585 3125 670 3181 formu
693 3142 768 3198 quae
787 3126 858 3197 niglu
883 3124 908 3221 q
929 3131 974 3181 eut
1000 3124 1050 3217 2„-
1072 3125 1186 3182 testibus
1199 3125 1258 3182 ee-

156 3223 300 3282 nedictinis
321 3224 341 3280 1.
361 3223 379 3278 l.
401 3225 454 3280 tub.
479 3225 529 3282 60.
551 3234 581 3283 et
598 3243 625 3298 p.
649 3226 719 3283 285.
743 3228 911 3299 significetur
935 3223 1026 3299 ¹⁷¹);
1049 3229 1121 3300 unde
1141 3230 1177 3286 A.
1197 3228 1257 3300 xli,

166 3366 420 3376 -n-m—-u--a—-n

242 3456 326 3525 siglue
345 3442 485 3542 {ortum
505 3473 565 3509 esse
586 3457 666 3511 luciis
680 3459 830 3529 intelligas,
848 3461 1000 3517 Froelichio
1013 3464 1040 3513 iu
1053 3460 1157 3511 Diurrris
1176 3459 1258 3511 doctt.

159 3570 163 3577 ·
242 3543 344 3596 Monuc.
371 3560 395 3595 s.
422 3541 497 3598 1837.
522 3560 566 3596 no.
587 3543 631 3598 tr.
655 3561 679 3611 p.
703 3544 764 3600 339.
782 3556 806 3597 et
823 3549 1049 3614 quiequestri
1066 3547 1121 3598 loco
1140 3561 1197 3614 sqq.
1216 3544 1257 3596 le-

246 3629 360 3695 gendum
379 3631 498 3680 censenti
517 3646 575 3681 cnm
591 3630 689 3683 Kritzio
710 3635 872 3696 escendere,
891 3648 1045 3700 quemquern
1063 3633 1083 3683 ii
1099 3632 1134 3683 de
1153 3631 1256 3699 origine

246 3712 422 3780 corruptelae.
437 3729 514 3765 secus
533 3723 611 3783 etque
634 3733 684 3784 ego
704 3716 830 3770 iudicent.
864 3716 904 3769 De
927 3717 1017 3769 verbis
1041 3725 1084 3768 eut
1101 3717 1210 3783 syllabis
1229 3717 1254 3767 in

243 3797 337 3850 codice
355 3797 520 3851 Murbucensi
542 3817 621 3869 super
644 3817 749 3855 versum
773 3804 876 3871 scriptis
899 3801 946 3856 cir.
971 3818 1039 3872 quse
1057 3817 1135 3869 supru
1155 3804 1183 3854 in
1200 3807 1256 3855 not.

162 3910 164 3917 ¹
242 3881 302 3939 159.
319 3882 437 3936 diximus.

176 3985 240 4053 111)
256 3987 331 4056 Sigiu
361 3973 385 4075 q
405 3990 534 4056 reperitur
558 3992 636 4042 etium
658 3992 686 4041 in
710 3988 864 4045 Cascellius
889 3991 984 4045 codice
1008 3991 1109 4055 Seruii,
1133 3991 1160 4041 in
1183 3990 1257 4042 cuins

162 4106 164 4111 ·
246 4075 364 4143 margine
382 4075 434 4127 huc
458 4077 624 4127 summarium
640 4073 742 4141 {scholii
760 4077 793 4129 sd
809 4077 882 4145 Virg.
899 4076 967 4131 Aen.
983 4076 1019 4141 ll,
1036 4073 1096 4130 296.
1119 4076 1258 4142 ascriptum

162 4198 166 4208 .
211 4202 230 4209 ..
246 4169 301 4213 est:
326 4162 418 4227 Vesta,
436 4178 503 4230 quae
526 4170 555 4215 rt.
567 4170 652 4228 tara,
677 4178 746 4228 non,
769 4171 798 4214 ut
815 4162 945 4235 Bergkius
961 4162 1093 4228 insservii
1111 4160 1258 4217 Cesserunt
