2934 4775
649 251 802 359 Α

172 467 281 538 spinet
301 466 333 523 Η.
354 467 383 538 l,
407 464 457 522 li.
479 465 506 522 in
529 465 591 522 eod.
603 466 635 521 ll.
651 465 696 523 ed.
710 466 782 537 Spin.
797 464 874 536 legi,
896 464 1067 536 eandemque
1088 462 1277 519 contusionem

177 570 235 626 Lis.
258 570 351 641 XXV,
381 567 410 624 l.
431 569 504 625 Veli.
525 569 583 624 Pat.
605 569 647 640 ll,
669 568 727 638 80,
751 567 779 624 3.
812 566 921 636 Quintil
945 567 996 639 lii,
1019 567 1057 638 2,
1081 566 1130 622 37.
1152 565 1276 638 reperiri.

283 672 314 729 ‚ll
337 673 366 744 l,
390 674 438 729 ⁵⁷.
468 671 631 728 mutulam
664 673 798 743 impertio,
829 670 903 741 quod
936 671 1072 742 lipsium,
1109 667 1273 740 Asidalium,

174 776 329 832 limentinus
351 775 513 845 edentem,
536 774 603 830 Otto
620 773 702 829 Obss.
719 773 790 829 orit.
810 773 838 827 in
858 773 922 828 Tae.
945 770 1063 838 (tiissae
1077 767 1177 836 1843]
1199 788 1225 843 p.
1249 769 1277 830 d.

171 896 231 950 sqq.
254 880 377 936 eumenii
398 880 425 934 in
446 881 580 934 immerito.
624 877 684 933 Viri
697 876 851 932 doctissimi
873 882 1047 946 argumenta,
1071 874 1167 945 quibus
1181 889 1277 930 ameu-

173 982 310 1038 datioaem
331 982 517 1048 sundrmavit,
540 980 619 1037 nonis
641 986 720 1035 aneta
741 980 786 1034 ltin
808 984 936 1049 repetere
958 978 1050 1046 lubet,
1074 978 1173 1048 quippe
1196 993 1276 1047 quum

172 1100 205 1140 ea
227 1084 358 1157 seriptio,
382 1100 433 1155 qna
455 1084 502 1138 iile
524 1099 549 1139 s.
573 1082 606 1139 el.
622 1081 740 1137 Nebelio
764 1081 835 1136 diem
857 1081 1093 1136 semisaeeularem
1116 1079 1276 1135 doctoratus

172 1188 323 1259 gratulatus
345 1194 404 1256 est,
427 1193 457 1241 ut
478 1185 575 1241 talibus
596 1184 696 1240 libellis
712 1184 773 1239 iere
795 1182 912 1253 assidit,
934 1182 962 1238 in
984 1197 1132 1254 pannorum
1155 1182 1275 1238 notitiam

171 1290 284 1348 venerit.
328 1289 447 1344 Piolneua
471 1277 597 1360 quidem,
621 1302 675 1359 quo
706 1286 774 1342 illud
794 1287 909 1356 insessio
932 1285 1080 1356 defendat,
1103 1301 1211 1342 senes
1232 1287 1278 1341 ia·

171 1392 288 1464 telligit,
312 1393 367 1464 qui,
383 1392 503 1463 quamvis
526 1405 646 1462 eorpore
660 1389 774 1460 infirmi,
789 1389 907 1444 oonsilio
930 1395 1019 1465 umen
1041 1387 1189 1459 populares
1210 1401 1277 1444 snos

174 1496 305 1567 adiuvare
323 1496 478 1568 potuerint,
501 1494 552 1550 sed
574 1492 650 1548 Otto
670 1493 743 1548 bene
771 1492 866 1547 docuit
892 1491 958 1546 niati
980 1491 1017 1546 de
1037 1489 1159 1547 muntiis
1178 1489 1277 1546 denis

171 1600 197 1654 la.
220 1601 256 1671 l.,
277 1599 324 1655 ubi
346 1599 381 1655 de
408 1598 472 1654 solo
494 1595 596 1654 bellico
620 1601 750 1667 apparatu
773 1609 864 1650 seruo
886 1594 938 1663 sit,
968 1593 1129 1663 memorari,
1152 1593 1179 1647 id
1201 1591 1276 1663 quod

173 1699 255 1758 etilm
284 1718 321 1758 ox
343 1700 519 1771 sequentibus
547 1698 640 1755 serbis
667 1705 788 1770 apparet
832 1697 891 1753 Nea
912 1696 1003 1767 uagis
1022 1695 1174 1768 probabilis
1194 1695 1278 1751 Wal-

173 1805 246 1861 theri
268 1802 428 1874 explicatio,
455 1801 539 1857 verba
567 1802 682 1871 insessio
711 1800 828 1856 ualidam
847 1799 884 1854 ¹nd
906 1799 1023 1855 artitees
1044 1800 1073 1854 in
1095 1800 1174 1854 aruris
1199 1798 1277 1854 aliis·

174 1923 228 1978 que
256 1906 322 1961 belli
351 1903 536 1960 instrumentis
562 1908 689 1958 versatos
716 1902 865 1973 pertinere.
914 1901 1025 1956 Etiamsi
1053 1900 1190 1957 Daedalus
1220 1901 1277 1971 ilie,

176 2008 358 2080 quemiabula
380 2006 501 2062 istrione
516 2020 571 2061 nen
593 2004 677 2060 modo
700 2003 906 2075 peritissimum,
927 2002 980 2059 sed
1001 2003 1086 2074 ipsum
1109 2004 1278 2059 inventorem

173 2111 269 2183 tradit,
292 2127 309 2166 n
336 2117 420 2182 poeta
449 2105 492 2175 (v.
516 2108 595 2165 (isid.
617 2108 680 2163 liet.
702 2106 778 2177 Vlll,
811 2102 898 2171 159.)
927 2106 1042 2178 inperito
1069 2104 1174 2177 fabrae
1196 2105 1278 2162 cele·

174 2213 312 2270 torsimus
333 2214 406 2268 ortis
422 2212 537 2282 dieitur,
561 2218 649 2266 umen
671 2226 727 2266 nou
749 2217 809 2281 est,
832 2209 906 2280 quod
928 2209 1027 2264 eredas
1049 2209 1075 2264 ln.
1098 2209 1114 2264 l.
1139 2208 1279 2265 totatuta

173 2331 307 2373 armorum
329 2316 391 2389 agi,
416 2316 461 2387 qni
483 2322 567 2372 artem
589 2330 664 2369 suum
686 2330 768 2385 supra
785 2314 926 2384 vulgarem
948 2312 1057 2369 modum
1078 2312 1114 2367 ita
1137 2327 1277 2368 exerem-

174 2421 237 2492 riut,
260 2429 290 2476 ut
311 2420 344 2476 iis
360 2420 463 2490 ingenii
479 2419 599 2474 sollertis
613 2418 701 2473 lausa
718 2418 815 2473 Taoito
832 2418 1003 2473 tribueretur.
1046 2416 1170 2489 Apparet
1188 2422 1279 2472 autem

178 2523 288 2593 singula
312 2521 441 2578 enuntiati
463 2519 618 2576 secundarii
639 2518 758 2573 membra
778 2519 894 2589 singulis
907 2520 1026 2591 primarii
1046 2519 1138 2576 verbis
1151 2534 1274 2590 respou-

177 2624 263 2694 dere3
290 2639 381 2695 neque
407 2630 496 2678 tamen
527 2621 670 2691 quidquam
698 2625 758 2689 est,
782 2620 855 2690 quod
880 2621 967 2676 verbo
988 2622 1104 2693 maesse
1132 2627 1196 2693 apte
1224 2634 1274 2677 re-

179 2725 325 2798 spondeat.
369 2726 416 2781 Sin
428 2727 555 2781 tomento
578 2723 707 2793 terrigia,
730 2721 837 2792 singula
857 2721 893 2777 ita
907 2722 978 2778 inter
991 2739 1023 2779 se
1044 2723 1223 2795 respondent,
1246 2730 1275 2779 ut

174 2829 288 2885 senilia
319 2834 445 2884 constent
474 2845 509 2883 ex
538 2844 658 2900 corpore
686 2827 704 2881 i.
735 2842 759 2881 e.
788 2824 957 2896 hominibus,
987 2842 1070 2881 orma
1097 2832 1125 2882 et
1149 2827 1278 2900 pecunie

172 2933 360 3003 significentur
383 2930 481 3004 opibus
488 2974 496 3004 ,
520 2932 585 3004 eqni
606 2929 724 3001 denique
746 2929 949 3000 adjumentum
970 2928 1140 3000 deierantur3
1163 2946 1224 2984 nam
1245 2928 1281 2985 ad

74 3084 77 3093 ,
172 3037 294 3106 jumenta
315 3050 420 3105 equos,
444 3034 542 3103 mulos,
558 3033 695 3104 camelos,
720 3039 812 3089 oetera
826 3032 949 3089 animalia
962 3033 1104 3091 dessuaria
1116 3033 1280 3105 pertinuisse
1314 3098 1320 3107 ,

174 3144 291 3194 constat.
336 3138 377 3194 Gi.
404 3136 552 3192 Forceiliui
581 3137 648 3191 Lem
672 3137 702 3192 L.
729 3137 759 3191 L.
788 3153 810 3192 s.
840 3153 866 3191 v.
894 3137 1067 3207 iumentum,
1103 3136 1178 3207 quod
1207 3136 1276 3192 adiri

171 3240 250 3312 jubet
274 3239 356 3311 Otto,
380 3239 424 3310 qui
446 3245 474 3295 et
489 3238 607 3308 monuit,
630 3255 666 3295 ne
687 3239 718 3294 in
743 3255 779 3295 eo
797 3238 982 3311 offendamus,
1007 3239 1078 3311 quod
1102 3256 1157 3296 non
1180 3238 1280 3294 eodem
1350 3210 1358 3223 ⁸

174 3345 270 3402 ordine
291 3343 375 3400 verbu
403 3343 454 3399 sibi
484 3341 686 3414 respondeant3
708 3342 737 3397 id
760 3342 830 3398 enim
860 3342 892 3397 ab
917 3343 1026 3415 optimis
1049 3358 1134 3413 saepe
1156 3342 1279 3412 scripto·

172 3447 247 3503 ribus
275 3447 431 3517 neglectum
461 3462 532 3502 esse.
557 3445 638 3516 Cujus
667 3445 708 3500 rei
730 3461 839 3500 eausam
861 3447 976 3516 positam
991 3462 1055 3501 esse
1076 3451 1104 3500 et
1125 3445 1152 3499 in
1175 3444 1278 3500 eeleri-

171 3555 243 3620 tate,
279 3566 330 3620 qua
358 3550 386 3604 in
412 3549 528 3622 singulis
556 3549 639 3605 rebus
675 3548 865 3605 enumerandis
896 3554 1017 3618 utamur,
1048 3553 1077 3602 et
1102 3547 1129 3602 in
1158 3564 1281 3621 numero,

174 3653 220 3723 qui
255 3667 340 3722 saepe
375 3652 514 3723 laedatur,
544 3652 568 3708 si
597 3651 705 3722 singula
738 3652 854 3722 singulis
886 3651 921 3705 ad
952 3650 1063 3706 verbum
1095 3657 1276 3722 opponantur.

173 3755 268 3811 Addas
305 3754 426 3809 'insitum
453 3755 588 3811 sermonis
619 3754 786 3824 elegantiam
819 3754 952 3808 interdum
990 3753 1076 3809 videri
1114 3754 1281 3825 quaesivisse

173 3857 302 3929 ingrata
330 3856 498 3928 negligentia
529 3854 658 3927 quadam,
687 3872 756 3926 quse
786 3855 893 3926 quidem
923 3873 958 3912 ex
981 3854 1126 3912 ciceronis
1150 3857 1278 3914 oratione

176 3962 299 4019 omnisne
314 3960 439 4016 membris
461 3960 568 4030 aequali
580 3966 608 4015 et
631 3959 794 4030 congruenti
814 3958 947 4015 aestimari
968 3974 1024 4014 non
1047 3958 1167 4031 debeat,
1189 3975 1279 4030 neque

174 4069 264 4120 tamen
285 4070 397 4122 nostrae
426 4063 523 4120 aetatis
553 4062 706 4120 oratoribus
728 4064 822 4134 utique
843 4060 1057 4118 commendanda
1085 4062 1129 4118 sit.
1174 4060 1280 4118 Eodem

174 4166 235 4223 iere
257 4168 339 4226 motio
360 4169 393 4225 H.
414 4167 453 4240 ll,
478 4168 526 4224 77.
549 4167 576 4223 in
597 4167 689 4223 verbis
710 4184 765 4223 nec
786 4167 854 4222 mitti
872 4166 965 4222 maior
985 4167 1017 4221 in
1039 4173 1090 4221 tna
1112 4165 1277 4236 visitentia,
