2934 4775
758 272 797 326 76

145 509 148 514 «
225 472 347 543 foetosa
364 474 535 546 praecipitat
559 471 732 527 Germani
761 473 791 527 in
813 485 925 525 omnam
954 475 1109 539 opacior.
1132 507 1141 521 .
1225 503 1232 518 .
1253 465 1329 519 ideas

227 575 400 633 Germani
421 576 554 647 affugium
581 590 632 646 pro
654 574 729 629 mam
763 574 919 628 Varoca‘a
941 571 1082 642 atomum.
1126 567 1156 622 0.
1188 566 1239 622 22.
1261 566 1327 621 md.

228 680 280 734 lla.
308 678 420 735 exhibet
446 694 568 750 comque
595 677 773 750 praetoriam
801 691 930 730 nocem
958 673 1064 729 cecilio
1093 673 1246 743 imipaam,
1268 671 1329 725 illic

229 782 329 837 dacem
350 783 420 852 rati,
449 779 601 852 obripiant.
646 772 892 835 Corioliaolibi
913 793 1003 831 socc
1026 779 1224 847 aparat‘sqqs,
1247 772 1327 829 codd.

232 883 264 939 o.
288 890 449 941 ct—taata
476 882 500 937 l.
525 881 665 937 Gronovio
690 874 794 946 ⁴⁰)·-
811 879 1166 936 0 Casioiisulionoci
1186 885 1329 932 coctam

228 995 327 1058 eperat
356 1003 416 1056 sqq.
460 985 490 1039 ln
513 984 575 1039 cod.
592 986 660 1039 liat.
693 982 786 1037 1958.
814 982 934 1039 secunda
956 997 1049 1037 manas
1078 979 1223 1050 adscripsit
1244 980 1328 1034 alio

224 1091 470 1144 accinctam.
501 1088 747 1158 Vulgslamautcm
761 1086 919 1156 scripturam
941 1082 1327 1141 cmobsolibinoctcm

226 1200 326 1264 eperat
352 1198 459 1247 tucatur
481 1190 562 1247 codd.
585 1192 656 1246 Vatt.
681 1188 772 1244 1863.
802 1195 830 1244 et
859 1185 894 1256 (a
923 1204 963 1259 pr.
986 1185 1037 1249 m.)
1067 1185 1157 1241 1958.
1179 1201 1241 1241 cum
1263 1184 1326 1240 edd.

225 1301 292 1351 vett.
335 1293 378 1348 Ex
408 1294 472 1348 mira
494 1294 546 1348 hac
573 1293 701 1348 lectionis
722 1292 856 1347 varietate
885 1291 1010 1362 equidem
1038 1288 1219 1359 collegerim,
1242 1287 1325 1341 libra·

225 1398 292 1452 rium
314 1397 414 1453 vetusti
443 1396 601 1467 archetypi,
625 1410 704 1466 qaum
733 1394 806 1449 oculi
837 1394 871 1449 ad
892 1393 1085 1465 praecedentis
1107 1407 1205 1447 vermis
1226 1405 1323 1445 vocem

225 1516 352 1556 oooem
374 1500 560 1568 aberrassent,
583 1497 729 1568 scripsisse
750 1495 821 1553 atta·
841 1513 969 1552 nocam
991 1502 1104 1567 operm,
1125 1500 1223 1565 postca
1244 1507 1321 1562 vero,

227 1618 305 1673 quam
327 1600 418 1657 codex
440 1602 490 1655 lla.
514 1616 549 1656 ex
572 1599 722 1670 archetypo
752 1599 799 1655 illc
823 1599 978 1670 descriptus
1007 1604 1098 1668 asset,
1121 1597 1255 1652 lectorem
1276 1594 1320 1650 vcl

225 1704 362 1760 librarium
384 1702 516 1774 quucndam
537 1702 688 1759 sentcntiae
710 1702 831 1758 auctoris
854 1717 983 1772 gnarum,
1006 1707 1036 1756 et
1058 1699 1103 1770 qui
1125 1699 1209 1758 verba
1231 1704 1324 1769 aparte

228 1813 355 1877 corrupta
379 1806 521 1876 corrigere
542 1804 645 1875 vellet,
675 1812 723 1859 aut
747 1805 775 1859 io
804 1804 926 1874 margine
949 1802 1090 1873 archetypi
1117 1808 1167 1857 aut
1186 1818 1268 1871 supra
1289 1800 1325 1854 li·

227 1905 305 1965 ncani
327 1911 388 1965 olio
410 1910 478 1963 nom
500 1916 528 1964 et
549 1916 659 1964 noctem
682 1907 877 1979 adscripsisse,
907 1923 960 1977 quo
983 1905 1170 1976 signiticaret,
1198 1910 1244 1959 aut
1265 1904 1324 1958 olio

227 2014 295 2068 noui
318 2020 416 2084 eperat
430 2019 475 2067 aut
497 2010 566 2067 olibi
586 2019 698 2067 noctem
719 2019 819 2082 eperat
840 2009 1045 2067 rescribendum
1067 2023 1139 2063 esse.
1161 2005 1237 2062 llsnc
1259 2022 1324 2062 cor·

225 2116 341 2171 rectoris
370 2114 530 2170 sententiam
552 2114 671 2170 assecuti
693 2120 755 2168 sunt
776 2120 804 2168 et
825 2113 927 2168 librarii
950 2112 1032 2167 codd.
1055 2109 1123 2165 GcO.
1146 2116 1175 2166 al
1194 2109 1230 2179 ii,
1252 2124 1324 2179 quo·

226 2231 283 2274 rum
313 2217 425 2272 codices
453 2217 589 2286 vulgatam
618 2215 764 2276 lectionem
793 2216 942 2286 praebent,
979 2227 1139 2284 quamquam
1173 2212 1219 2267 alii
1248 2210 1325 2266 aliam

226 2319 442 2377 emandationem
462 2319 490 2372 ia
517 2325 619 2372 textum
641 2325 813 2390 receperant.
856 2315 923 2384 liius
951 2325 1040 2372 autem
1062 2316 1171 2372 codicis
1191 2314 1323 2384 librarius,

226 2440 262 2479 ex
285 2438 338 2494 quo
361 2422 481 2478 secunda
509 2437 602 2477 manus
631 2421 658 2475 in
686 2422 749 2477 cod.
772 2423 833 2477 Vat.
860 2419 949 2476 1958.
980 2421 1129 2491 conspicua
1157 2434 1205 2474 sua
1227 2418 1322 2488 hausit,

226 2525 362 2582 vocabalo
384 2538 487 2580 nocem
507 2525 578 2580 male
599 2530 707 2580 retento
738 2525 800 2580 aiio
820 2526 889 2580 occi
908 2540 961 2595 pro
985 2522 1054 2579 olibi
1076 2523 1232 2593 scripserat.
1276 2521 1323 2575 hi·

228 2628 333 2684 brarias
356 2627 552 2698 euticiana,
576 2628 675 2699 quippe
699 2629 743 2699 qui
758 2629 845 2684 Taciti
866 2629 952 2684 libros
975 2644 1010 2682 cx
1033 2626 1183 2696 archetypo
1206 2624 1324 2680 nondum

228 2731 373 2787 emendato
395 2731 592 2802 describeret,
606 2732 744 2803 pristinam
758 2731 905 2786 lectionem
927 2728 996 2785 olidi
1014 2744 1118 2784 nocem
1141 2736 1240 2800 eperat
1261 2743 1325 2783 scu·¹

222 2835 312 2905 vavit,
342 2834 392 2890 nisi
422 2834 495 2904 quod
524 2851 599 2890 novo
628 2834 752 2905 scripsit,
781 2833 839 2887 sive
867 2833 893 2886 ia
915 2832 1065 2902 archetypo
1089 2821 1163 2887 aava
1194 2831 1322 2901 scriptum

224 2937 382 3008 invenerat,
405 2937 464 2993 sive
486 2936 629 2993 ablativum
650 2937 723 3006 loci,
747 2951 800 2990 non
815 2934 997 2989 accusativum
1018 2934 1122 3004 objecti
1142 2933 1243 3005 nequid
1266 2951 1318 3004 pu-

224 3040 314 3111 tabat,
336 3040 394 3095 sive
409 3046 521 3110 utraque
537 3056 620 3095 causa
642 3039 676 3094 ad
689 3038 862 3095 mutationem
885 3036 1079 3093 adducebatur.
1108 3036 1160 3092 ‚lta
1174 3036 1322 3106 turbarum

225 3149 254 3197 ut
275 3143 316 3198 sic
337 3142 467 3212 dixerim,
490 3142 753 3205 membranaocarum
770 3139 851 3209 origo
874 3155 928 3194 noa
947 3140 1004 3210 jam
1018 3140 1153 3209 obscura,
1175 3155 1229 3195 aec
1252 3155 1322 3210 opum

224 3252 268 3303 est
287 3245 408 3318 liupertii
437 3230 626 3300 emendatione
656 3243 718 3299 ulio
747 3258 821 3297 noce
845 3250 951 3312 eperat.
994 3242 1113 3313 Vulgata
1147 3241 1216 3298 cuba
1238 3242 1320 3297 lectio

223 3462 357 3473 m...
370 3462 478 3471 mm...—

233 3586 288 3653 ’10)
306 3589 361 3640 Jac.
382 3585 528 3639 Gronovius
541 3586 611 3638 l'om.
627 3587 654 3639 11.
672 3585 769 3653 ρ.568.
788 3589 850 3641 edit.
863 3602 886 3644 a,
900 3583 978 3652 1721,
997 3588 1041 3638 ubi
1060 3596 1207 3653 excerptam
1227 3605 1241 3638 c
1260 3584 1320 3637 cod.

310 3672 341 3726 Ο.
359 3674 512 3724 varietatem
531 3672 654 3723 lectionis
673 3673 804 3739 prodidit,
828 3673 895 3725 haec
914 3672 1018 3741 quidem
1037 3675 1153 3740 scripsit:
1177 3675 1230 3724 olio
1246 3666 1321 3732 naci]

308 3758 362 3808 MS.
383 3757 460 3819 olibi3
480 3759 527 3809 sed
546 3775 623 3826 quum
643 3760 902 3826 ceteroquiicctioni
921 3758 1020 3811 codicis
1036 3760 1169 3828 vulgatam
1186 3774 1234 3825 pro
1253 3757 1321 3807 lem·

307 3851 376 3897 mate
388 3852 534 3910 praeponat
552 3853 578 3896 ct
591 3845 663 3908 olibi,
681 3861 733 3896 non
753 3847 808 3896 olio
819 3848 882 3895 aovi
898 3846 980 3914 vulgo
992 3846 1103 3914 legatur,
1123 3845 1184 3899 dein
1202 3861 1235 3896 ex
1246 3842 1320 3894 nullo

251 3962 253 3973 ι
307 3929 401 3981 codice
426 3930 480 3982 olio
503 3933 565 3981 naci
587 3931 631 3982 vel
660 3932 711 3982 alia
739 3946 806 3998 quac
828 3932 911 3984 lectio
933 3931 981 3983 illo
1005 3940 1124 3997 tempora
1148 3931 1252 3998 prodita
1275 3930 1319 3992 sit,

306 4023 439 4082 postremo
459 4015 608 4081 conara,
627 4020 672 4085 qui
690 4016 807 4084 ejusdcm
826 4026 866 4070 cat
882 4018 1014 4082 iamiliac,
1038 4017 1093 4068 olio
1108 4020 1171 4068 osci
1188 4016 1319 4079 exhibeat,

304 4101 345 4153 his
357 4094 396 4154 cx
413 4104 500 4154 causis
519 4111 592 4155 certo
611 4104 737 4172 colliges,
763 4103 820 4156 Jac.
839 4102 999 4157 Gronoviam
1018 4119 1033 4155 c
1052 4105 1184 4157 constraria
1202 4101 1319 4154 scribere

304 4189 437 4243 voluisse:
461 4187 533 4254 aiibi]
555 4189 610 4245 MS.
627 4191 682 4242 olio
698 4193 767 4242 auci.
