2934 4775
683 291 722 347 25

198 519 203 528 ι
259 493 313 550 Tot
334 493 458 564 exemplo
479 492 536 549 vitii
557 492 777 565 amputaveris,
798 494 928 566 probabis
942 495 1027 550 hasce
1038 511 1082 551 vv.
1099 495 1146 551 dd.
1160 511 1256 552 emen·

158 596 291 652 dationes:
334 595 369 653 A.
382 596 453 668 IIIII,
476 595 524 652 32.
546 595 655 657 Neuius
669 597 815 654 IeotIonem
837 597 918 654 codd.
934 599 1063 654 Iistorum
1084 598 1172 670 toppo
1193 599 1257 664 doio

157 698 329 772 Pomponiae
351 707 434 754 actas
456 715 512 770 ope
534 700 662 755 editionis
676 701 745 772 Spir.
768 700 878 755 mutavit
898 699 925 754 io
941 702 1030 773 torpa
1049 702 1116 757 Isara
1129 702 1161 758 Ρ.
1174 710 1257 758 aeter

157 800 192 856 A.
204 801 265 872 XV,
290 801 338 857 28.
362 803 524 873 ascriptum
548 801 610 858 cod.
632 794 683 857 tin.
703 809 730 858 et
752 802 796 859 ed.
817 802 886 874 Spir.
910 803 990 859 loeas
1012 845 1170 861 ......
1193 822 1257 861 com
1345 865 1349 874 ,

75 979 79 986 „
156 901 285 959 barbaris
303 905 429 961 deiectas
451 913 494 960 est
516 903 549 960 ob
571 908 736 961 memorr'am
757 907 887 961 laetioris
906 905 961 961 siti
981 909 1033 975 rei,
1050 905 1177 964 ‘Cordolo
1199 925 1258 965 aaa

154 1008 274 1076 citatos,
311 1016 344 1063 at
370 1008 567 1066 dissimilitudo
598 1008 735 1079 fmtooae
763 1009 886 1079 pieriam
921 1016 1040 1081 caperet
1075 1009 1257 1066 Doederiioas

159 1116 261 1164 certam
283 1109 353 1166 hanc
375 1110 468 1166 elicuit
495 1112 677 1181 conjectorem
708 1112 789 1166 locas
817 1152 944 1169 .....
973 1110 1102 1166 bardans
1131 1113 1258 1168 delectem

156 1220 199 1267 est
220 1210 254 1266 od
268 1228 303 1267 m.
326 1213 345 1268 t.
357 1230 381 1268 s.
392 1230 427 1283 r.,
446 1210 600 1268 Corbuloni
613 1214 796 1284 maritatas,
811 1222 843 1269 ot
856 1221 908 1271 otc.
953 1214 1069 1270 Ceterae
1081 1215 1218 1271 editiones
1226 1215 1257 1270 in

157 1315 245 1372 omnia
266 1314 319 1369 olio
343 1314 491 1372 discedunt.
541 1316 670 1372 ProxIme
700 1316 735 1371 od
756 1316 897 1373 veritatem
918 1318 1036 1374 occessit
1065 1319 1217 1374 emendatio
1241 1333 1257 1373 a

154 1415 213 1472 Iac.
230 1415 371 1474 Gronovio
392 1418 427 1474 ed
441 1418 475 1473 A.
496 1418 557 1489 XV,
583 1417 631 1475 10.
653 1419 702 1474 sub
724 1436 768 1475 vv.
788 1420 898 1489 famam
913 1423 994 1476 aucti
1015 1423 1159 1477 eomedas
1186 1437 1258 1492 pro·

153 1520 243 1591 posita
259 1521 391 1577 tocco...
408 1563 415 1577 .
438 1529 497 1577 tam
512 1539 532 1577 a
546 1520 677 1577 barbaris
693 1523 821 1578 delectos
835 1531 878 1578 est
892 1521 970 1579 odm.
987 1524 1004 1579 I.
1016 1540 1081 1593 s.r.‚
1104 1522 1259 1579 Corbuloni

155 1640 215 1678 noo
236 1625 352 1680 citatas.
397 1624 453 1680 Sed
475 1625 590 1695 languet
608 1625 740 1696 porticulo
763 1634 821 1683 tam
842 1632 870 1681 et
891 1626 980 1682 turbet
1007 1625 1129 1682 ordinem
1151 1613 1259 1682 oratio-

154 1726 206 1781 nis.
244 1726 383 1798 Scriptum
406 1726 468 1782 cod.
490 1727 541 1782 Iis.
565 1744 643 1782 eom
665 1725 796 1783 tardaris
817 1745 867 1799 por
889 1728 1100 1799 dittographiom
1122 1745 1158 1784 ox
1177 1735 1258 1784 ente-

70 1871 74 1876 .
155 1827 315 1883 cedentibus
337 1844 416 1884 voco.
441 1845 519 1884 cam
541 1830 631 1885 Paeto
647 1837 707 1885 orta
727 1837 779 1886 est.
815 1830 857 1886 CI.
874 1847 916 1900 eo,
937 1832 1088 1901 quoeInfra
1102 1831 1136 1887 de
1150 1832 1257 1888 decimo

153 1930 280 1985 vitiorum
303 1945 408 1999 genere
430 1932 657 1986 commemorabo.
679 1958 712 1969 -
730 1930 764 1986 A.
786 1933 859 2002 IIVI,
884 1930 931 1986 to.
954 1933 1056 1988 Nouius
1083 1940 1111 1988 et
1127 1933 1257 1990 Doeder-

152 2032 224 2096 lInus
254 2038 331 2088 recte
359 2034 488 2104 suspicati
517 2040 578 2092 sunt
605 2013 761 2090 condatem
787 2050 838 2105 pro
867 2034 978 2104 vulgata
1016 2034 1098 2090 codd.
1127 2035 1257 2092 Motorum
1308 2049 1310 2052 ’

153 2125 275 2191 lectione
296 2137 439 2205 novitate,
464 2152 532 2207 quoe
548 2136 682 2206 orIginem
695 2136 777 2191 traxit
799 2153 834 2191 ex
848 2137 974 2208 proxime
993 2136 1178 2208 praecedente
1205 2139 1257 2194 ab·

153 2237 236 2292 Iotivo
265 2236 318 2292 sod
336 2235 505 2309 nominibus,
529 2251 644 2307 quocum
658 2240 784 2293 novitate
803 2254 854 2309 per
866 2240 1023 2310 particulam
1039 2248 1067 2296 et
1082 2241 1257 2311 coniungen-

154 2337 216 2394 dum
241 2355 303 2396 esse
325 2339 449 2397 librarius
471 2341 613 2413 archetypi
635 2341 733 2397 vetum
756 2342 870 2398 cersuit
899 2341 1024 2399 Ceterum
1046 2350 1147 2401 annoto
1169 2346 1256 2401 ooor‘-

154 2433 213 2497 tate
236 2442 354 2499 fortasse
375 2443 496 2514 primitus
518 2428 658 2515 scriptum¹
673 2444 765 2500 tuisse.
800 2470 833 2483 -
865 2444 896 2500 II.
918 2446 952 2517 II,
979 2445 1047 2503 IOI.
1070 2447 1255 2519 Kiesinogius

153 2544 280 2614 vulgatae
291 2544 404 2600 lectioni
423 2547 575 2618 scriptores
593 2554 747 2617 temporam
763 2589 792 2601 ..
810 2589 816 2602 .
831 2589 837 2603 .
854 2565 953 2603 caram
974 2552 1057 2622 pacis
1079 2558 1107 2606 et
1129 2567 1256 2606 amorem

152 2644 328 2719 reipublicae
343 2655 490 2720 corruptas
512 2649 544 2702 io
563 2647 758 2703 adantIooem
771 2665 876 2704 carmos
891 2651 1034 2707 tradidere
1050 2651 1170 2723 pmoiert
1182 2653 1256 2708 scri-

152 2756 257 2821 pturam
279 2749 403 2805 codicum
425 2755 454 2805 ot
466 2749 613 2807 editionum
631 2750 748 2809 IamiIIoe
772 2750 923 2809 Genuonsis
946 2756 1075 2826 corrupti
1095 2756 1126 2809 Io
1147 2755 1255 2810 adada-

153 2854 258 2909 tr'oaem
272 2854 541 2910 causastradidere.
570 2854 739 2911 Homines
758 2855 827 2910 enim
850 2863 1045 2928 corruptos
1067 2857 1102 2911 in
1117 2856 1254 2912 adulatio-

152 2972 214 3011 nem
227 2956 282 3011 dioi
300 2972 386 3028 posse
400 2956 472 3012 bene
484 2957 601 3026 mantnt,
624 2972 679 3013 non
692 2957 758 3012 item
781 2973 915 3013 causas.
959 2958 1096 3015 Causas
1119 2966 1147 3015 et
1168 2977 1255 3030 argu·

152 3066 241 3115 menta
262 3075 326 3130 per
340 3059 522 3116 oduIaIIonem
535 3068 709 3132 corrupto
732 3061 845 3120 dixeris.
886 3063 1026 3134 Exemplis
1049 3063 1255 3134 aKiessiiogio

152 3161 240 3217 aIIstis
252 3161 385 3233 adjungas
397 3162 481 3218 haec:
496 3162 564 3218 Ano.
579 3163 614 3234 11,
628 3163 677 3219 62.
694 3167 887 3238 correptr's
897 3165 1129 3238 primoribus
1144 3168 1254 3222 adso-

152 3267 294 3321 cietatem.
337 3265 372 3323 A.
387 3265 442 3337 tv,
460 3264 509 3324 to.
532 3277 717 3341 correpta
732 3270 886 3325 adseclas
901 3249 1026 3327 Liada(
1057 3270 1089 3326 A.
1101 3271 1179 3339 XIII,
1203 3267 1255 3327 21.

153 3366 312 3424 libertos
334 3371 379 3425 ad
400 3370 494 3426 scelos
510 3380 719 3443 corruptos.
744 3370 869 3442 Attlv,
893 3371 942 3427 63.
955 3373 1255 3444 initpraetectom

153 3469 192 3522 io
227 3486 303 3540 spem
329 3474 485 3530 sociandae
509 3474 610 3531 clamis
632 3482 856 3546 corruptam.
905 3474 1035 3529 Fortasse
1055 3473 1087 3528 II.
1109 3474 1151 3543 11,
1183 3471 1253 3531 rot.

153 3569 181 3623 io
203 3571 353 3644 archetypo
375 3575 508 3632 mendose
529 3577 657 3647 somptum
685 3574 746 3632 erat
781 3574 955 3649 reipublicae
983 3584 1151 3648 correptae,
1181 3577 1254 3633 uode

153 3671 298 3728 dirersitas
319 3674 447 3732 lectionis
467 3679 548 3734 otiam
569 3678 691 3750 sedilios,
717 3694 798 3750 (pom
820 3684 858 3735 on
879 3678 1012 3750 scripwo
1037 3681 1167 3752 corrupti
1187 3681 1254 3736 oriri

152 3780 270 3847 poterat.
301 3796 341 3813 ..„
369 3777 401 3834 II.
428 3778 480 3849 III,
517 3781 543 3836 6.
574 3782 630 3837 init.
659 3782 776 3853 ineptam
805 3781 942 3852 volgatam
972 3781 1118 3838 Iecdonem
1147 3782 1277 3846 Arrius,

158 3878 249 3935 Vams
270 3887 404 3937 sorores
425 3881 514 3954 dello,
537 3898 617 3957 pacm
637 3886 754 3958 premam
776 3893 804 3941 et
824 3884 885 3940 dac
898 3884 1020 3941 corteto
1049 3894 1078 3942 et
1096 3903 1254 3959 prosperae

153 3982 184 4035 io
211 3982 350 4040 Armenia
375 4000 422 4041 res
449 3987 620 4043 addiderant
647 3987 785 4060 Bipontini
813 3988 935 4046 editores
964 3989 1065 4060 optione
1095 3989 1253 4046 correxisse

153 4082 216 4139 mihi
237 4086 361 4144 videntur
383 4090 540 4145 accusativo
562 4108 668 4163 poam
693 4092 721 4146 io
745 4091 860 4147 detinum
883 4094 944 4147 coi
971 4099 1080 4147 mutato.
1127 4090 1190 4146 Non
1218 4107 1253 4148 ea

154 4186 226 4243 enim
245 4190 378 4248 sententio
401 4192 488 4250 Taciti
516 4193 606 4253 verbis
627 4201 721 4266 potest
742 4194 844 4265 inesse,
866 4193 973 4255 Arrium
983 4196 1088 4263 Nasum
1110 4194 1251 4265 glorio-
