2934 4775
746 308 784 364 21

207 522 275 575 sar‚·
298 522 322 563 a.
348 504 395 564 ta.
417 513 581 581 spernuntur
609 509 792 565 cantationes
813 506 984 580 tribunique,
1007 523 1044 563 aa
1064 522 1101 563 ne
1128 521 1186 561 voa
1210 504 1313 560 caas-

209 626 294 681 qaam
316 612 468 682 ordiatur,
497 612 657 683 quatiuntur
679 628 762 666 arma
790 612 905 684 raptari
925 610 1088 683 imperinm,
1117 610 1148 664 ai
1169 608 1315 664 daeantar

208 728 260 786 pra
284 716 416 786 quatiant
438 729 521 769 orma
543 716 657 787 raptori
678 716 842 787 imperinm,
863 716 896 770 ns·
916 714 1069 770 ducantur.
1105 709 1135 767 0.
1159 710 1209 766 32.
1230 709 1314 767 codd.

208 814 259 870 bia.
276 815 306 871 (l.
320 816 351 872 11.
367 816 411 874 ed.
423 816 493 888 Spia.
508 818 646 873 coloniam
660 819 886 890 majoremopam
897 818 990 889 spade
1002 813 1047 879 (G.
1058 813 1090 869 11.
1106 813 1150 869 ed.
1158 813 1227 884 Spin.
1242 830 1313 886 spe-

209 913 294 980 ciem)
318 905 448 975 eubibent
456 935 508 990 pro
520 919 631 990 vulgata
645 920 709 976 iude
724 936 740 975 a
753 920 884 976 Rhenaao
899 918 1021 975 laeuone
1035 935 1059 973 e.
1073 916 1213 988 majoram
1230 932 1315 988 wana

206 1022 316 1093 nocte,
331 1028 378 1077 aut
393 1047 432 1060 -
446 1021 475 1076 id
488 1021 563 1093 quod
573 1021 699 1093 equidem
705 1023 844 1094 probarim
862 1019 914 1085 ¹⁷)
929 1048 970 1063 -
982 1037 1034 1093 pro
1049 1020 1170 1076 leatioue
1183 1018 1264 1075 codd.
1281 1017 1313 1073 G.

209 1122 260 1179 0a.
283 1122 345 1178 edd.
368 1122 426 1179 Pul.
449 1139 464 1179 a
486 1123 613 1180 Broterio
635 1133 765 1183 revocata
789 1143 813 1181 c.
835 1125 944 1197 majore
963 1141 1047 1196 opnor
1067 1125 1169 1196 spacia
1207 1120 1315 1177 Etenim

207 1233 341 1297 sequente
363 1226 449 1282 iorma
472 1244 556 1299 opum
578 1228 714 1298 genitivus
735 1228 877 1300 majoram
898 1239 954 1282 non
975 1233 1029 1283 tam
1050 1226 1132 1283 isaiie
1153 1226 1181 1280 ia
1195 1239 1314 1281 asema-

208 1329 291 1385 tivum
313 1328 479 1400 mutabatur,
503 1346 582 1401 quam
603 1332 735 1388 ablativus
757 1333 867 1402 majora
890 1329 980 1386 addita
1002 1329 1081 1385 litera
1102 1346 1130 1383 ns
1152 1328 1179 1383 ia
1194 1342 1314 1383 aecusa-

207 1430 255 1488 tiai
268 1431 382 1487 [ormam
403 1433 543 1503 uausibat
566 1433 642 1489 cuitu
665 1449 757 1489 ausam
772 1433 853 1489 dabat
865 1433 1035 1489 aecusativus
1049 1431 1165 1487 nominis
1182 1430 1313 1487 substant.

138 1547 144 1560 ¹
206 1534 332 1606 proxime
361 1535 549 1593 antecedentis
577 1536 727 1593 coloniam.
751 1562 791 1573 -
824 1536 854 1592 G.
877 1534 926 1591 31.
950 1534 1031 1591 aoid.
1053 1534 1106 1591 tta.
1133 1530 1168 1599 (a
1195 1549 1236 1605 pr.
1259 1527 1312 1598 aa.)

207 1635 237 1692 G.
260 1637 390 1693 exhibent
411 1655 431 1692 a
448 1639 606 1711 primordio
629 1655 682 1694 sno
698 1654 749 1709 pro
773 1655 792 1693 a
810 1638 966 1711 primordia
988 1639 1041 1694 sni.
1085 1635 1117 1692 H.
1139 1636 1187 1707 lV,
1211 1633 1261 1690 31.
1283 1643 1313 1691 at

202 1741 369 1813 praefectus
390 1742 515 1798 aolorts‘s
538 1744 653 1813 osiana,
675 1741 805 1815 Alpinius
819 1742 970 1798 Montanus
992 1756 1043 1813 pro
1067 1748 1095 1795 at
1114 1758 1145 1812 p.
1160 1756 1186 1796 a.
1201 1740 1313 1795 asinas

209 1849 262 1899 eta.
292 1842 322 1900 G.
345 1843 396 1900 53.
419 1845 488 1901 droa
506 1853 658 1918 precatus,
680 1847 724 1901 ats'
739 1854 851 1919 coeptas
869 1849 1075 1918 praepararant
1095 1842 1313 1914 redesqassnas

204 1947 314 2018 pietate
341 1947 484 2005 laminam
512 1948 661 2004 inchoatas
693 1949 791 2005 divino
814 1964 866 2019 ope
889 1948 1057 2004 attollerent
1084 1961 1136 2017 pro
1157 1945 1184 2001 sl.
1203 1964 1247 2017 μ,
1271 1946 1315 2001 ati

207 2057 310 2122 ooepta
338 2056 390 2106 etr.
411 2050 442 2105 H.
459 2052 495 2121 V,
518 2049 547 2108 a.
570 2051 772 2107 oiatliinterno
796 2049 870 2106 bello
887 2065 938 2120 pro
960 2051 1038 2106 anili
1058 2051 1135 2104 inter
1154 2064 1207 2104 nos
1229 2044 1313 2103 bello.

209 2148 239 2206 (i.
262 2151 327 2207 eod.
342 2159 411 2208 exta.
425 2152 555 2208 Drusilla
568 2155 600 2207 in
610 2155 789 2209 matrimonia
799 2160 918 2224 accepta
929 2167 980 2224 pro
996 2152 1045 2208 Dr.
1059 2154 1091 2206 a'n
1102 2152 1314 2207 matrlmons‘um

209 2261 339 2325 aorem.
384 2254 413 2309 0.
439 2251 487 2310 15.
510 2254 576 2311 totis
598 2256 659 2310 illio
681 2255 845 2328 corporibus
866 2257 990 2312 nitentes
1010 2254 1168 2310 uolneratis
1182 2270 1246 2309 cam
1259 2256 1313 2309 in-

209 2355 293 2428 lapsis
322 2396 447 2414 .....
470 2355 691 2431 impla‘oobontar
711 2375 764 2432 pro
785 2360 930 2416 uolnerati
959 2375 1023 2415 cnm
1042 2358 1162 2430 integras
1184 2399 1312 2414 .....

208 2457 436 2531 implicabantur.
473 2460 503 2516 (i.
517 2460 566 2518 20.
589 2462 673 2519 lectio
696 2463 924 2519 andabatarum
944 2470 977 2517 at
985 2462 1130 2535 praesidia
1146 2461 1312 2531 coloratam,

208 2562 344 2618 alarona.
360 2604 387 2618 ..
403 2604 410 2618 .
429 2566 637 2638 quadripartita
658 2567 796 2623 invaserit
818 2566 917 2623 eodem
938 2565 1038 2621 maudo
1061 2563 1158 2619 allecta
1180 2570 1232 2633 est,
1257 2579 1311 2634 quo

209 2665 280 2737 apud
301 2666 358 2722 Lis.
379 2666 428 2736 lv,
457 2668 506 2723 59.
530 2669 592 2725 eod.
616 2669 766 2725 Vossianus
788 2670 906 2741 primus,
936 2669 981 2739 qui
1009 2666 1124 2739 praebet
1153 2668 1313 2740 tripartitos

209 2769 248 2824 od
274 2770 465 2827 deuastandos
485 2774 558 2843 fines
579 2773 734 2827 discessere
756 2787 807 2843 pro
830 2773 973 2843 tripartito
1001 2777 1053 2826 ete.
1103 2770 1150 2826 Sia
1183 2769 1210 2824 iu
1232 2769 1314 2826 Caes.

208 2869 239 2927 B.
263 2870 293 2927 G.
316 2871 338 2943 1,
362 2872 410 2929 25.
425 2873 567 2931 Ernestius
589 2891 606 2930 e
627 2875 749 2946 pluribus
772 2872 852 2930 codd.
875 2873 951 2929 iistis
972 2873 1073 2928 variam
1094 2873 1241 2929 lectionem
1263 2870 1312 2925 li-

205 2975 312 3047 portita
334 2977 413 3048 sipna
433 2979 592 3034 intulerant
613 2994 664 3048 pro
680 2977 811 3050 bipartito
832 2977 918 3033 affert.
941 2976 1038 3032 Tribus
1054 2976 1095 3032 lais
1117 2976 1188 3032 loeis
1210 2974 1312 3032 librarii

208 3075 322 3132 formam
335 3078 461 3134 vocabuli
483 3078 617 3152 bipartito
639 3085 685 3133 aut
707 3081 850 3152 tripartito
873 3085 919 3135 aut
936 3080 1145 3153 quadripartito
1161 3078 1196 3133 ad
1210 3075 1311 3150 proxi·

209 3195 279 3235 mum
300 3197 399 3236 nomeu
420 3182 504 3236 subst.
528 3182 749 3237 accomodaaunt.

313 3283 381 3339 Item
400 3283 468 3354 Agr.
493 3283 542 3340 37.
565 3285 648 3341 illatus
672 3284 735 3341 cod.
755 3286 816 3343 va.
832 3283 925 3342 utos.
948 3286 1060 3341 exhibet
1080 3284 1222 3356 insurgam
1239 3299 1310 3338 aar·

208 3385 247 3442 sis
258 3403 317 3442 non
330 3386 484 3458 agminibus
498 3402 549 3456 pro
570 3388 602 3441 in
621 3388 721 3459 fragam
741 3390 826 3459 uersi,
847 3407 906 3445 non
920 3386 1087 3461 agminibus.
1101 3387 1170 3457 Agr.
1186 3385 1235 3442 43.
1248 3385 1311 3442 edd.

210 3495 274 3546 vett.
297 3489 427 3544 exhibeat
452 3488 499 3543 itia
526 3489 600 3545 alius
628 3506 715 3562 opens
740 3493 862 3563 popalus
888 3507 940 3562 pro
969 3491 1159 3548 emendatione
1185 3489 1255 3546 Risit
1283 3493 1313 3544 et

210 3589 332 3644 Rheaaui
358 3589 404 3645 laia
426 3590 507 3646 allati
529 3608 617 3662 opens
635 3594 774 3665 popalus,
804 3610 881 3664 quam
909 3594 991 3650 oodd.
1013 3595 1089 3651 blatis
1111 3596 1184 3651 Vatt.
1213 3590 1312 3648 firmari

209 3706 246 3748 ex
267 3690 375 3747 silentia
398 3692 581 3766 llaggioraaii
602 3701 631 3751 et
652 3693 798 3752 Clementis
819 3713 880 3751 oum
901 3697 1025 3754 Droukio
1047 3697 1174 3770 colliges.

245 3955 291 4022 17)
310 3956 386 4012 Nunc
403 3961 483 4014 video
497 3963 575 4014 etiam
592 3961 693 4017 lacobo
705 3965 732 4015 iu
743 3962 821 4017 Obss.
840 3966 873 4019 ad
888 3966 949 4023 Tae.
967 3969 998 4028 Η.
1014 3971 1083 4026 eritt.
1100 3971 1162 4025 Part
1178 3973 1209 4028 tt
1219 3992 1247 4042 p.
1268 3975 1309 4030 15.

296 4044 438 4097 lectionem
464 4047 526 4098 edit.
551 4046 653 4104 Broter.
680 4050 796 4117 probari.
843 4051 972 4119 Puteum,
991 4057 1088 4125 inquit,
1118 4060 1264 4126 coloniam,
1283 4070 1311 4113 ut

294 4131 336 4196 iit,
354 4133 465 4185 traxisse
484 4127 644 4199 adjectivum
671 4136 829 4205 insequens,
848 4139 1010 4194 reddendum
1025 4159 1074 4198 suo
1092 4146 1192 4197 nomini
1210 4147 1309 4217 specim

292 4233 324 4270 ea
342 4218 427 4284 emm,
444 4220 564 4287 speeies,
582 4222 666 4275 maior
683 4222 782 4277 divitiis
799 4224 881 4284 aeris.
