2934 4775
707 333 739 375 Vl

173 510 284 582 larum
317 533 466 607 aucupes
493 509 749 607 proponebant,
796 515 860 584 vix
892 535 958 585 una
985 512 1137 584 alterave
1172 536 1279 609 prae·

175 615 307 708 cipuam
342 614 604 710 probabilitatis,
631 616 957 690 commendationem
994 616 1201 710 praeferret,
1245 619 1280 690 id

176 717 267 811 quod
294 719 347 790 Tu
380 721 415 790 in
440 718 607 792 Vindiciis
631 719 801 792 latinitatis
829 720 1045 813 epistolarum
1073 719 1279 794 Ciceronia-

176 843 295 894 namm
323 830 357 894 et
381 821 594 896 Brutiuarum
621 821 664 894 de
681 822 869 896 llarldnudi
886 825 1025 915 ingenio
1052 843 1162 915 nuper
1186 824 1280 898 iudi-

176 928 277 998 casti:
303 934 429 996 tantum
454 924 656 1000 movebatur
681 928 766 998 viris
787 925 895 997 doctis
910 928 1180 998 coniecturarum
1198 937 1278 1001 tae-

177 1027 267 1100 dium
292 1051 333 1099 ac
359 1026 544 1118 fastidium,
578 1037 613 1099 ut
641 1030 844 1102 contrarium
872 1031 1002 1101 animos
1030 1028 1194 1102 editorum
1213 1034 1280 1102 in-

176 1128 316 1202 cederet
341 1129 514 1219 studium,¹
528 1131 700 1222 nugatam
727 1154 803 1202 cum
829 1135 919 1204 omni
947 1132 1105 1226 squalore
1130 1135 1279 1227 scriptu-

175 1255 247 1304 ram
274 1234 496 1329 qualicunque
513 1238 645 1308 rntione
659 1234 774 1307 tuendi
785 1240 891 1328 ‚atquc
909 1239 1146 1309 conservandi.
1171 1238 1219 1309 At
1234 1275 1280 1288 -·

176 1345 211 1407 ut
239 1335 418 1411 Ciceronis
444 1347 518 1412 utar
543 1336 661 1410 verbis
676 1375 720 1392 —-
737 1340 835 1429 aegri
855 1340 931 1432 quia
948 1360 1019 1410 non
1045 1360 1163 1413 omnes
1188 1361 1279 1412 eon·-

174 1440 369 1529 valesount,
403 1462 473 1512 nou
508 1440 634 1516 idcirco
662 1440 752 1514 nulla
779 1440 946 1512 medicina
979 1450 1038 1514 ost.
1089 1444 1279 1518 immores

174 1546 301 1638 poscit,
328 1552 381 1631 ut,
408 1566 508 1637 quum
532 1567 592 1633 ea,
620 1567 706 1638 quae
722 1566 786 1638 per
808 1547 1072 1619 tristissimornm
1089 1556 1280 1641 temporum

173 1648 303 1717 ruinam
336 1656 371 1718 et
402 1646 703 1742 stupidissimorum
747 1647 917 1720 bominum
957 1670 1073 1722 manus
1119 1658 1279 1743 corrupta

173 1747 327 1840 metunt,
359 1752 394 1822 in
419 1752 591 1844 pristinam
617 1751 759 1823 formam
797 1773 938 1846 eamque
972 1754 1154 1844 genuinam
1179 1752 1277 1823 redi-

174 1851 286 1945 gouda
318 1856 404 1942 sint,
445 1853 654 1928 divinatione
688 1876 809 1926 carere
843 1856 956 1949 utique
994 1876 1063 1926 non
1096 1857 1277 1950 possimus,

175 1957 239 2028 nisi
266 1954 355 2028 forto
375 1956 535 2031 ‚sordibus
553 1957 683 2030 rudium
710 1956 922 2032 saeculorum
946 1959 1139 2049 gaudemus
1166 1960 1279 2045 Quare

178 2079 324 2147 vereor,
349 2082 395 2134 ne
409 2061 475 2133 ‚isti
502 2063 629 2148 critici,
656 2063 784 2153 quippe·
798 2064 903 2131 sacris
922 2060 1125 2158 membranis
1141 2061 1277 2149 addicti,

176 2183 220 2233 eo
247 2162 321 2255 ipso
338 2161 467 2254 studio,
494 2161 583 2257 quod
610 2181 760 2235 summae
777 2160 856 2232 fidei
873 2162 972 2234 laude
990 2162 1125 2254 dignum
1143 2162 1277 2251 ducunt,

173 2285 245 2335 non
273 2264 381 2339 dicam
407 2285 524 2361 parum
549 2264 677 2338 fructus
703 2263 836 2340 adrem
861 2269 1010 2338 criticam
1031 2266 1190 2356 alienant,
1217 2266 1279 2340 sed

179 2370 286 2463 ipsam
322 2367 420 2441 fidem
454 2371 699 2463 veritatemque
732 2391 752 2439 e
789 2369 901 2443 medio
941 2368 1067 2441 tollant
1126 2368 1281 2464 Egregie

174 2473 264 2545 onim
304 2472 520 2547 Scbubartius
546 2473 587 2544 V.
613 2472 653 2544 D.
687 2473 722 2545 iu
750 2493 893 2546 censura
931 2472 1171 2545 Dindorfianae
1199 2475 1278 2547 edi·

68 2652 73 2659 ,
171 2577 272 2648 tionis
289 2575 477 2649 Pausaniae
497 2575 625 2648 diurnis
651 2576 808 2651 litorariis
827 2576 1030 2651 lenensibus
1056 2579 1183 2650 inserta
1207 2588 1276 2652 nu·'

171 2679 319 2774 perrime
356 2679 534 2768 iudicavit,
572 2682 812 2753 sententiarum
836 2682 1069 2770 condicioni,
1114 2681 1279 2755 orationis

174 2784 382 2875 integritati,
413 2785 582 2857 sermonis
610 2782 802 2873 elegantiae
827 2803 898 2852 non
925 2786 1034 2852 minus
1057 2782 1279 2855 membrana-

173 2907 247 2957 rum
275 2895 309 2958 et
330 2885 490 2979 vulgatae
506 2886 662 2961 lectionis
687 2882 910 2956 admiratores
936 2891 1190 2978 sectatoresque
1216 2908 1278 2956 ar-

173 2991 296 3061 cessita
332 2988 517 3061 verborum
549 2989 829 3080 interpretatione
864 2989 935 3059 vim
961 2984 1143 3076 adhibere,
1178 3010 1278 3081 quam

171 3092 407 3165 emendatores
434 3090 615 3163 audacmre
639 3091 910 3163 coniecturarum
937 3113 1008 3163 usu.
1063 3090 1159 3175 Quae
1179 3100 1279 3184 qmm

114 3272 120 3283 ,
178 3197 225 3264 ita
261 3198 346 3282 sint,
382 3195 535 3286 quamvis
569 3190 697 3265 studia.
713 3191 985 3265 felicissimorum
1026 3193 1280 3265 emendatorum

171 3299 441 3371 coniecturarum
460 3296 582 3368 famam
608 3294 809 3389 laudemque
835 3306 1013 3391 tantopere
1039 3299 1181 3367 attritam
1207 3318 1278 3381 no-

172 3402 313 3473 vissimo
340 3407 493 3492 tempore
508 3399 664 3493 paulatim
683 3398 847 3471 refovere
866 3400 1056 3488 videantur,
1084 3422 1182 3493 quarn
1199 3421 1279 3471 ma-

169 3500 296 3575 ximam
315 3521 455 3596 operam
472 3505 535 3593 iis,
563 3505 618 3596 qni
635 3503 897 3577 coniecturalem
913 3511 1018 3575 artem
1039 3511 1217 3593 exercent,
1244 3505 1279 3576 iu

170 3627 213 3676 eo
234 3605 465 3679 collocandam
494 3627 639 3695 censeo,
665 3616 789 3679 utnon
807 3605 908 3678 modo
924 3607 1153 3700 suspicionem
1170 3629 1279 3678 auer-
1333 3620 1336 3629 ¹

169 3717 239 3783 tant
271 3718 369 3803 atque
402 3710 579 3802 effugiant,
617 3712 712 3803 quasi
745 3732 810 3804 per
836 3718 1011 3783 extentum
1035 3708 1152 3783 funem
1186 3716 1278 3795 eant,

170 3811 233 3887 sed
252 3823 404 3887 naturam
431 3823 466 3885 et
492 3813 735 3887 divinationem
757 3812 804 3887 ad
828 3822 936 3887 artem
962 3822 995 3885 et
1011 3813 1069 3887 ad
1096 3818 1279 3907 praecepta

173 3925 361 4005 revocent,
389 3938 457 4010 qno
484 3919 665 3991 certiorem
692 3919 784 3990 viam
804 3925 838 3989 et
862 3918 1028 3987 rationem
1054 3922 1279 3987 monstrantes

170 4019 429 4116 praeiudicatum
456 4023 553 4117 islam
572 4022 781 4114 opinionem,
808 4041 906 4114 qnam
920 4018 1077 4113 plerique
1101 4018 1144 4090 de
1163 4019 1280 4089 critica

171 4124 390 4199 coniecturali
404 4122 580 4212 babentin
595 4120 873 4218 approbationem
884 4131 985 4216 atque
1000 4140 1175 4194 assensum
1189 4142 1279 4193 uen-

169 4235 248 4301 taut
262 4229 519 4305 ‹Jumuomea
533 4227 767 4321 leximprtmis
794 4229 962 4305 sanciatur
980 4246 1129 4300 necesse
1155 4235 1219 4317 est,
1244 4230 1280 4295 ut
