2934 4775
630 277 781 372 ...2⁷-

157 481 289 550 ccniant,
316 476 637 548 intenioueonrtna,
656 476 695 534 ito
717 482 805 533 temen
824 478 854 530 ut
873 473 920 532 rue
940 475 1011 533 banc
1031 493 1130 535 vocem
1156 480 1258 536 rueret
1316 451 1319 462 ⁴

157 583 193 639 sd
203 584 340 653 morin,
362 582 407 638 bic
418 580 455 637 ad
463 579 614 653 posonio.
657 577 693 634 Et
706 576 888 648 Kiesstiugios
904 578 1010 648 qoidem
1023 580 1118 637 nelina
1132 598 1189 637 ren
1202 599 1257 639 ex-

159 684 273 756 pedivit.
323 681 364 738 Gt.
387 682 512 758 exenpla
542 680 724 739 aWaltbern
743 676 853 751 jamjam
875 680 970 738 albeta:
997 681 1031 738 Α.
1052 684 1108 755 tv,
1138 683 1188 741 43.
1214 688 1258 740 tto

156 787 362 843 rorandum
388 785 548 842 Messenios
575 783 706 840 dotum.
757 783 831 840 Suet.
853 781 947 840 crint.
978 781 1026 839 15.
1054 788 1258 843 secondom

154 896 323 966 praesentes
332 888 470 959 facillime
493 883 611 941 dabat.
648 883 729 942 Adue
742 900 780 942 ex
792 884 858 942 Plio.
874 885 942 956 Epp.
957 885 1017 956 vn,
1036 886 1066 956 6,
1082 887 1110 943 9.
1124 892 1256 962 paoesoo

157 992 364 1056 secondum
376 1003 442 1045 reos
457 989 568 1046 dedit
585 986 701 1057 Vulgata
715 987 847 1057 scriptura
861 989 936 1045 nne
946 990 1258 1063 teyiooeacrinielieis-

159 1093 226 1150 ena
248 1092 438 1149 emendatione
459 1089 601 1147 Puteolani
623 1089 757 1160 originem
778 1090 867 1166 traxit,
960 1117 963 1124 ·

366 1345 437 1410 De
459 1346 597 1410 tertio
620 1344 848 1410 vitiorum
864 1362 1046 1426 genere.

198 1489 281 1547 blind
307 1490 638 1550 uitirmncodd.b1stis
660 1491 791 1548 Mediceis
813 1494 841 1547 in
870 1491 1068 1550 enuntiatorum
1098 1494 1258 1549 conformo-

153 1595 232 1652 tione
252 1594 415 1678 atbrn‘ssnrn¹
449 1594 564 1665 Saepius
593 1593 663 1652 enin
684 1594 801 1665 occidit,
824 1601 858 1658 ut¹
874 1593 989 1665 librarii,
1006 1612 1102 1652 *sensu
1134 1603 1162 1652 et
1182 1603 1258 1652 strn-

154 1703 239 1760 ntnro
260 1697 406 1756 uerborum
427 1713 521 1767 perun
541 1695 702 1765 intellectis,
731 1696 852 1754 berinae
880 1696 958 1768 primi
978 1697 1128 1767 praedicati
1150 1699 1260 1769 decepti

153 1806 188 1868 ,et
209 1800 388 1858 oounnnitsti-
406 1799 539 1868 orationis
559 1805 739 1870 praepostere
768 1798 935 1867 concitent,
957 1800 983 1856 in
997 1801 1111 1855 eundem
1123 1808 1169 1860 eut
1184 1809 1260 1866 certe

154 1901 272 1958 similent
297 1900 416 1970 modum,
445 1917 498 1971 quc
520 1899 595 1970 prius
615 1900 800 1971 proedicetum
821 1887 964 1956 formatam
981 1909 1049 1971 erat,
1070 1903 1182 1958 verbnm
1195 1904 1259 1959 fini-

154 2008 212 2064 tum
226 2003 271 2062 vel
281 2002 420 2074 infinitum,
437 2002 511 2074 quod
522 2002 646 2073 proxime
659 2001 833 2072 sequebatur,
847 2001 997 2057 flecterent.
1017 2003 1057 2057 lta
1071 2020 1174 2075 genus,
1196 2022 1260 2062 mo·

156 2105 230 2176 ries,
254 2121 391 2175 numerus,
421 2121 500 2164 casos
528 2105 606 2162 verbi
625 2098 775 2176 praedicati
794 2120 984 2174 nonninquan
1004 2104 1031 2160 in
1053 2106 1132 2176 pejus
1161 2112 1260 2166 munta

154 2214 219 2276 sunt
228 2204 239 2240 ¹
249 2204 290 2271 ⁹).
312 2208 346 2264 Α.
361 2208 409 2279 lV,
426 2206 474 2263 35.
488 2208 551 2264 cod.
565 2207 597 2263 bb
608 2207 884 2280 exbibetposten'tos
899 2208 1052 2281 rependunt
1065 2225 1119 2265 ooo
1132 2210 1259 2281 deerunt,

67 2293 75 2310 ’
155 2312 353 2383 rietc.prop.
367 2311 514 2383 rependit:
536 2327 590 2380 nec
603 2310 732 2379 morunt,
745 2312 771 2368 si
791 2318 845 2370 etc.
887 2309 1260 2382 subternectens

155 2414 231 2481 iuti.
245 2414 346 2486 legitur
358 2430 410 2486 pro
424 2415 557 2485 manoe,
580 2414 659 2484 quasi
669 2414 698 2469 id
707 2415 915 2486 verbenaeque
925 2431 960 2470 ac
970 2416 1141 2487 praecedens
1154 2418 1259 2488 torota

156 2514 350 2584 conjunctione
372 2518 397 2575 a·
417 2518 560 2588 penderet.
589 2513 683 2571 (112.
705 2515 763 2570 init
784 2523 813 2571 et
833 2519 964 2605 cuonem
992 2520 1150 2586 concordes
1161 2520 1261 2592 cpont,

157 2625 337 2691 parantur:
359 2618 494 2687 Portitor,
514 2616 563 2677 ubi
577 2618 734 2673 obsessore
756 2657 884 2674 .....
906 2621 1017 2687 uentos
1039 2662 1046 2676 .
1068 2663 1075 2678 .
1097 2664 1106 2677 .
1129 2664 1137 2677 .
1157 2624 1259 2680 octos*

157 2721 197 2776 nit
217 2737 269 2792 pro
292 2729 320 2777 et
342 2737 366 2794 p.
389 2737 414 2778 o.
436 2727 541 2791 cpont,
562 2721 706 2793 spernitur
724 2719 869 2777 Portitor:
898 2719 947 2776 abi
974 2723 1132 2780 &nocere
1160 2767 1167 2780 .
1190 2766 1198 2781 .
1220 2765 1228 2781 .
1250 2762 1259 2780 .

157 2825 297 2883 accitus.
326 2824 543 2897 ...calescit
591 2822 625 2879 A.
647 2824 701 2894 xl,
728 2821 754 2879 1.
776 2821 882 2880 babere
910 2840 961 2896 pro
990 2824 1109 2885 baberet
1145 2826 1259 2899 praebet

242 3070 287 3138 gio
306 3086 388 3137 praue
406 3077 514 3136 recepta
533 3071 611 3120 ctiam
628 3068 729 3122 tacobo
749 3071 775 3120 in
795 3067 871 3124 Obss.
884 3069 918 3121 ad
937 3069 998 3125 Tac.
1015 3070 1080 3128 Hist.
1101 3074 1170 3128 critt.
1187 3073 1258 3132 Part.

240 3154 272 3208 1t
290 3171 316 3223 p.
329 3152 371 3208 12.
389 3162 528 3222 tantopere
540 3156 649 3222 placuit·
685 3155 797 3216 Quodsi
811 3155 1024 3209 emendationem
1036 3160 1099 3210 deta
1111 3176 1164 3212 non
1178 3163 1259 3230 igno-

244 3249 345 3304 resset,
365 3249 438 3294 certo
457 3243 570 3310 vestigio
588 3240 709 3297 codicum
728 3249 850 3295 nontam
868 3245 947 3295 anxie
964 3247 1113 3313 pressisset.

176 3324 224 3392 19)
243 3326 272 3379 ln
290 3327 360 3379 idern
378 3329 469 3379 vitium
488 3328 562 3381 biart.
579 3327 646 3390 Xlli,
665 3327 713 3392 75,
734 3327 757 3381 1.
776 3327 877 3380 librarii
899 3330 977 3383 codd.
995 3331 1071 3383 Voss.
1094 3331 1125 3382 R.
1144 3338 1170 3381 et
1188 3331 1260 3383 Hon-

241 3429 333 3467 nover.
352 3413 378 3467 h.
392 3413 494 3481 delapsi
513 3413 627 3464 turbabit
645 3415 808 3479 scripserunt
825 3416 1016 3482 proturbatis,
1035 3417 1157 3484 qnoniam
1175 3416 1259 3470 forma

242 3499 338 3549 solebit
356 3500 442 3550 statim
461 3500 488 3549 in
507 3499 600 3551 eodem
619 3515 698 3551 versu
712 3503 838 3567 seqnitur.
873 3501 940 3569 Veli,
959 3501 997 3565 H,
1017 3498 1081 3564 118,
1101 3497 1125 3558 1.
1144 3503 1200 3559 init.
1216 3503 1258 3558 ed.

241 3598 283 3649 pr.
301 3592 327 3634 et
345 3600 436 3652 apogr.
453 3584 559 3637 Amerb.
579 3585 704 3637 exhibent
722 3582 845 3637 credebat
867 3602 915 3655 pro
935 3587 1037 3650 credat,
1057 3603 1134 3655 qunrn
1153 3605 1179 3642 c.
1198 3585 1259 3655 117,

172 3702 176 3711 .
232 3662 273 3725 'b
302 3676 367 3722 extr.
389 3666 572 3734 imperfectum
600 3671 723 3721 trahebat
745 3674 864 3738 proxime
893 3672 1054 3726 antecedat·
1076 3673 1106 3724 ln
1128 3672 1197 3729 brat.
1224 3675 1258 3727 do

214 3772 217 3781 “
245 3752 332 3815 Orett«
357 3756 383 3815 5·
421 3759 483 3813 nn.
515 3757 600 3824 Neap.
635 3755 723 3809 Periz.
752 3775 800 3825 pro
837 3759 1023 3819 emendatione
1051 3759 1171 3817 Rhenoui
1197 3761 1258 3828 plo·

242 3843 334 3911 risque
363 3843 423 3896 edd.
446 3851 555 3899 recenti.
578 3842 689 3910 proheta
714 3848 806 3896 omittit
827 3844 956 3911 praebent
984 3847 1081 3911 omitti,
1106 3862 1183 3916 quam
1200 3846 1258 3897 for·

241 3944 308 3981 mam
332 3929 454 3980 infinitivi
478 3927 681 3993 antecedentes,
701 3948 811 3997 parere,
836 3932 917 3994 tueri,
942 3931 1100 3996 adsciscere,
1126 3931 1259 3999 complecti

245 4022 390 4071 traxerunt.
424 4014 592 4083 Obscurum
609 4015 646 4067 ito
663 4014 724 4080 sint,
742 4016 865 4071 Ernestio
883 4033 940 4068 curn
958 4015 1101 4069 Scbaeiero
1119 4018 1257 4083 assenties,

244 4102 315 4169 quod
335 4100 405 4157 Ptin.
421 4100 489 4169 Epp.
505 4100 544 4164 X,
562 4098 594 4164 2,
612 4098 638 4155 3.
656 4104 804 4163 maluere
822 4101 876 4167 (sc.
896 4101 948 4167 uti)
974 4104 1022 4157 bec
1043 4105 1131 4172 potior
1148 4111 1258 4170 tempore

243 4206 282 4240 nse
296 4197 398 4257 patrem
412 4189 474 4255 fieri
488 4203 538 4255 pro
558 4187 675 4243 lectione
699 4188 778 4245 codd.
799 4191 923 4243 bistonum
941 4198 968 4242 et
996 4189 1056 4244 edd.
1073 4195 1138 4244 vert.
1154 4189 1256 4242 motui
