2934 4775
215 665 218 674 ·
290 630 419 722 Quum
444 627 495 698 'lc
522 626 563 698 V.
588 623 626 700 O.
660 646 801 721 semper
832 648 959 699 summa
988 624 1229 699 observatione
1256 632 1291 696 et

186 733 415 802 veneratione
435 730 611 817 coluerim,
632 737 699 800 tum
721 733 756 799 in
775 729 839 802 boe
859 727 1033 824 opusculo,
1059 728 1149 823 qucd
1170 728 1290 799 illustri

187 832 263 905 Tuo
298 836 426 904 nomini
457 835 652 928 inscriptum
681 853 783 903 manu
820 841 940 920 tenes,
982 830 1187 904 elaborando
1218 831 1290 902 Tua

190 938 375 1008 auctoritas
409 945 444 1008 et
477 935 812 1029 tuumexempnm
837 937 963 1006 animo
995 955 1080 1006 meo·
1109 934 1290 1005 obversata

187 1047 272 1113 sunt.
300 1040 375 1111 ‘'l'e
401 1039 664 1133 quippeducem
683 1035 842 1124 seorim,
870 1042 925 1132 qui
953 1047 1031 1109 ante
1057 1037 1119 1109 bos
1137 1045 1291 1130 quattuor

187 1162 317 1231 annos,
347 1163 446 1235 quum
473 1140 517 1212 de
532 1141 671 1214 scholiis
684 1142 855 1213 Persianis
875 1145 1017 1235 primam
1036 1139 1238 1235 disputabas,
1256 1141 1291 1210 in

187 1247 272 1317 artis
287 1248 425 1316 criticae
442 1243 687 1332 difficultatem,
713 1266 801 1337 quae
820 1243 978 1316 inv'arlis
997 1243 1148 1316 codicum
1163 1242 1291 1314 lectio·-

187 1346 285 1420 nibus
313 1346 545 1421 existimantis
573 1356 606 1422 et
625 1344 844 1420 diiudicandis
868 1358 1035 1435 cernatur,
1064 1367 1117 1432 eaff
1145 1368 1210 1439 qua
1226 1365 1291 1416 so-

187 1450 250 1539 les,
277 1449 450 1545 diligentia
469 1458 503 1522 ct
521 1449 701 1523 subtilitate
716 1445 944 1544 inquisiveris',
966 1453 1161 1546 opinionem
1181 1468 1291 1543 prae-

186 1551 382 1644 iudicatum,
435 1575 536 1649 quae·
566 1552 611 1625 de
651 1553 870 1627 coniecturali
909 1563 982 1624 arte
1026 1554 1134 1644 vulgo
1168 1550 1292 1640 fortun,

189 1655 255 1736 bac
281 1660 594 1746 commentatione,v
612 1663 779 1752 quantum
814 1661 849 1730 in
876 1659 1056 1730 mesilam
1083 1664 1155 1744 est,
1190 1652 1293 1724 labe-

188 1758 316 1832 factare
353 1770 452 1854 atque
482 1762 681 1832 imminuere
715 1762 858 1833 institui:
895 1779 1094 1854 quamquam
1133 1780 1189 1828 me
1222 1777 1293 1827 non

189 1860 277 1954 fugit
303 1865 499 1956 opinionem
520 1863 629 1936 semel
657 1873 873 1956 conceptam,
900 1861 966 1955 quo
996 1865 1104 1952 magis
1123 1867 1293 1932 vetustate

72 1973 74 1977 ’
191 1973 226 2035 et
251 1963 516 2053 consuetudine,
551 1983 649 2058 quam
674 1967 806 2035 mitione
839 1975 873 2036 et
899 1964 1050 2034 doctrina
1076 1965 1219 2050 nitatur,
1247 1981 1293 2031 ec

192 2067 331 2159 aegrius
358 2066 492 2162 deponi.
506 2151 509 2158 ,
525 2066 830 2154 „Goniebtmamm
857 2089 912 2140 ars
938 2076 1067 2155 autem,
1092 2066 1188 2156 larga
1215 2063 1295 2134 clim

191 2170 226 2242 iu
255 2169 404 2245 -Gmecis
433 2170 631 2263 Latinisque
656 2169 762 2242 literis
796 2170 903 2243 laudis
935 2179 1036 2264 atque
1051 2184 1054 2190 '
1072 2168 1290 2241 certaminum

188 2275 368 2364 materies,
411 2296 501 2344 nuno
533 2273 626 2343 fatali
658 2272 803 2367 quadarn
836 2276 1046 2345 temeritatis*
1066 2272 1156 2343 fama
1194 2279 1294 2363 atque

189 2379 293 2448 animi
320 2378 354 2449 in
372 2377 518 2449 frivolos
537 2375 629 2450 lusus
657 2380 820 2471 propensi
841 2376 929 2473 apud
952 2378 1135 2473 p'crcsque
1162 2374 1295 2469 premi-

48 2529 57 2553 .
115 2550 122 2565 ι
189 2479 277 2551 tur.“
331 2483 427 2568 Quae
453 2479 561 2552 rerba
587 2490 623 2551 ut
648 2483 830 2553 verissime
856 2482 943 2552 dicta
969 2490 1047 2553 sunt
1071 2477 1293 2573 aScyliertio

188 2583 225 2653 in
250 2584 467 2654 Praelationc
493 2582 772 2654 Emendationum
799 2584 1028 2681 lactearum,
1060 2585 1105 2652 ita
1138 2578 1295 2675 equidem

188 2684 382 2756 infamatam
409 2684 604 2756 utilissimae
631 2684 829 2757 artis'fidem
848 2706 985 2779 semper
1008 2683 1068 2756 tuli
1087 2685 1294 2776 aegerrimeq

190 2789 315 2882 quippe
341 2809 461 2881 quum,
496 2789 524 2859 si
552 2788 611 2859 vel
635 2788 801 2861 liberiore
827 2792 1096 2861 coniecmrarum
1122 2808 1185 2857 usu
1207 2786 1293 2856 olim

189 2889 427 2965 abstinuissent
457 2892 525 2963 viri
546 2891 652 2982 docti,¹
679 2895 865 2964 vixeram
892 2901 948 2963 aut
975 2891 1112 2962 alteram
1138 2889 1296 2984 paginam

190 2996 399 3088 antiquarum
414 2994 743 3068 literarumstudicsi
752 2991 1295 3090 nuncperlegeremusmolestis·-

191 3099 283 3170 simis
311 3098 511 3191 corruptelis
548 3098 739 3183 ittaeessttt
787 3100 1013 3171 'lbistissimae
1039 3108 1151 3170 autem
1178 3096 1296 3189 suspi-

192 3201 320 3290 cionis,
348 3204 385 3271 in
401 3222 499 3294 quarn
526 3204 643 3272 critica
669 3201 906 3274 coniecturalis
935 3200 1074 3292 cecidit,
1101 3220 1235 3272 causam
1260 3200 1296 3267 in

191 3324 237 3374 eo
262 3307 406 3399 positam
443 3324 521 3376 esse
555 3307 765 3398 putaverimq
800 3305 906 3398 qaod,
943 3314 1119 3400 postquam
1153 3300 1296 3375 studium

190 3408 397 3500 antiquarum
424 3407 596 3479 literarum
634 3429 678 3478 ec
697 3408 835 3500 lastigii
856 3408 1045 3503 proiectum
1071 3408 1149 3495 fuit,
1190 3412 1226 3473 ut
1252 3401 1295 3474 de

190 3530 257 3580 usu
279 3511 438 3603 loquendi
458 3520 494 3583 et
523 3512 693 3604 elegantia
717 3515 887 3584 sermonis
907 3515 1032 3583 certius
1050 3509 1190 3580 indicari
1209 3528 1296 3601 pos-

192 3618 266 3699 set,
294 3613 455 3685 etrenaa
482 3615 659 3708 quaedam·
680 3614 802 3710 cupido
828 3616 936 3687 verba
963 3616 1163 3710 scriptcmm
1188 3611 1297 3703 vulgo

108 3739 111 3744 ·
192 3713 312 3787 tradita
342 3719 558 3789 examinandi
581 3729 683 3812 atque
710 3717 910 3791 emendandi
927 3717 1015 3789 adeo
1040 3716 1188 3811 grassari
1208 3736 1297 3785 cce-

192 3820 264 3912 pla,
294 3828 332 3888 ut
366 3822 644 3911 quemadmodum
675 3832 776 3893 antea
801 3820 913 3912 vitiis,
949 3824 994 3892 ita
1020 3832 1099 3893 mnc
1136 3817 1298 3891 remediis

192 3920 411 3993 laboraretur.
447 3924 544 4010 Quae
569 3926 706 3997 licentia
720 3927 835 3996 critica
859 3924 1135 4020 quium‘Riebardi
1152 3921 1298 3994 Bentleii

192 4026 514 4117 potissimumum
542 4039 656 4101 cetera
686 4030 839 4121 egregii,
868 4028 1027 4122 exemplo
1055 4037 1154 4122 atque
1173 4031 1297 4097 aucto-¹

193 4128 291 4198 ritate
326 4132 399 4201 nisa
434 4135 596 4228 temporis
614 4172 617 4178 ·
633 4129 777 4204 decursu
812 4134 856 4202 ita
882 4141 979 4203 aucta
1017 4140 1127 4218 esset,
1161 4139 1198 4200 ut
1223 4127 1298 4199 ficri

193 4229 341 4322 colera,
372 4242 408 4305 ut
437 4235 631 4308 andecam
658 4233 968 4326 emendationibus,
1003 4256 1085 4330 quas
1113 4242 1297 4326 corrupte-‘-
