2934 4775
684 290 791 384 ‚1⁵⁴

209 495 401 564 iuterroycri,
431 496 511 561 etque
538 491 566 545 iu
592 490 642 545 111.
664 489 697 544 A.
720 489 771 558 Xi,
801 489 828 543 7.
847 501 1026 562 praeparere
1053 502 1104 558 pro
1128 487 1313 559 praeparari,

211 596 246 651 A.
268 597 347 666 XlV,
369 595 419 651 69.
432 603 513 651 tuere
525 609 579 665 pro
593 594 683 663 tueri,
707 591 741 647 A.
756 593 817 662 XV,
834 593 862 647 ὅ.
885 592 1093 650 circumsedere
1107 606 1159 662 pru
1183 592 1312 646 cucum-

211 699 320 769 eederi,
350 714 374 753 c.
407 697 455 752 59.
483 713 600 769 sperare
629 712 680 767 pro
708 696 838 767 sperari,
868 694 899 749 H.
929 694 981 766 111,
1011 694 1061 750 86.
1095 695 1239 751 1111161111
1260 708 1312 763 pro

210 803 366 870 contineri,
388 800 420 855 H.
443 799 496 869 tv,
519 796 569 853 81.
590 799 736 869 iuteororc
757 811 809 867 pro
831 798 974 868 inteoruri
993 797 1160 854 scriberetur
1186 792 1269 857 ¹³⁷).

313 904 423 975 Syllaba
444 919 490 973 er,
513 902 612 972 quippe
631 898 703 970 sigis
727 890 767 952 Υ
793 899 839 960 vel
863 894 873 922 ²
898 901 943 957 vel
964 907 984 959 t
1005 886 1078 957 vel-⁹
1106 905 1199 955 notute
1225 893 1312 969 ¹³⁸),

210 1008 342 1063 interdum
357 1003 419 1062 etiu
432 1004 490 1061 eliis
508 999 601 1069 ¹⁸⁸¹)
616 1010 644 1058 et
655 1002 683 1058 in
698 1002 829 1059 blediceis
844 1003 920 1059 libris
929 1003 1029 1061 emisso
1037 1010 1087 1059 eet.
1109 1002 1229 1059 Exhibet
1242 1002 1312 1058 euin

211 1111 245 1165 11.
260 1108 294 1164 A.
307 1108 330 1178 l,
348 1108 386 1163 79
400 1115 433 1163 ut
453 1109 484 1162 iu
505 1107 675 1163 sententium
687 1105 800 1161 Pisonis
814 1107 986 1164 concederet
1004 1123 1055 1178 pro
1069 1106 1181 1176 vulgetis
1192 1105 1313 1161 lectione

211 1211 426 1279 concederetur,
441 1208 676 1281 queeboederlini
689 1209 1064 1266 coniectnreeconcederent
1076 1209 1164 1279 longe
1174 1216 1310 1279 estprne·

210 1314 332 1371 ferenda.
378 1311 411 1368 A.
433 1312 473 1382 li,
496 1310 596 1367 8911
624 1311 723 1368 ecdem
754 1311 853 1367 codice
881 1318 925 1368 est
953 1313 1062 1369 reditus
1083 1328 1136 1384 pro
1157 1291 1310 1368 rediturae

210 1418 262 1473 bie.
284 1417 367 1472 babet
387 1414 420 1472 A.
445 1415 521 1485 Xlil,
546 1412 594 1469 16.
617 1431 652 1470 uc
676 1411 820 1470 orritteret
840 1416 999 1471 institutum
1021 1431 1074 1487 pre
1103 1431 1139 1470 rte
1162 1416 1311 1471 omittere-

212 1528 260 1577 tur
285 1521 305 1575 1.
348 1518 381 1573 A.
407 1517 485 1587 XIV,
510 1518 538 1573 7.
560 1517 587 1572 in
617 1517 741 1573 omnibus
762 1517 838 1573 libris
861 1518 937 1574 listis
964 1517 1127 1590 praeterii.
1156 1518 1255 1588 tegitur
1276 1535 1313 1575 ne

212 1629 316 1677 auctor
336 1619 480 1676 dubitaret
509 1633 561 1690 pro
587 1636 614 1674 n.
645 1635 672 1674 o.
703 1617 894 1675 dubitaretur.
946 1619 978 1676 O.
1001 1619 1051 1675 te.
1073 1620 1124 1675 1111.
1146 1620 1259 1696 praebet
1280 1628 1314 1677 ut

211 1724 417 1779 condemnatus
439 1738 458 1777 o
472 1730 575 1778 renutu
595 1723 800 1778 intercessione
824 1720 978 1779 tribunicio
998 1725 1084 1779 morti
1104 1725 1240 1779 eximeret
1261 1737 1313 1794 pro

211 1825 325 1896 vuiguto
338 1826 523 1881 eciescrctur:
545 1839 595 1896 que
610 1824 737 1880 facillime
759 1825 966 1897 emendatione,
989 1825 1135 1897 siquidem
1157 1826 1313 1882 emendatio

212 1935 255 1984 est
276 1928 360 1984 lectio
382 1928 511 1984 librorum
533 1926 649 1983 inmiliee
663 1927 833 1998 Genuensis,
855 1928 941 1983 minus
962 1927 1053 1999 piacet
1066 1927 1224 1985 Doederlini
1241 1943 1313 1984 eon-

211 2031 314 2087 iectere
336 2038 370 2087 ut
388 2030 592 2087 condemnator
613 2072 620 2085 .
643 2069 651 2085 .
673 2068 681 2084 .
704 2032 851 2086 emeret.
895 2029 929 2087 A.
951 2029 1023 2102 XVl,
1047 2030 1074 2086 lt.
1097 2040 1130 2088 ut
1148 2033 1233 2088 uuile
1255 2034 1315 2088 orie

212 2143 265 2190 out
279 2135 393 2189 nonum
415 2140 599 2190 eecrcmeute
621 2134 745 2188 viserent
764 2149 816 2204 pro
838 2135 998 2190 viserentur
1019 2134 1046 2189 in
1068 2135 1118 2191 lie.
1141 2131 1251 2205 legitur.
1281 2135 1313 2192 11.

179 2277 183 2296 .
211 2237 241 2308 l,
265 2233 314 2293 31.
336 2237 363 2292 in
385 2236 484 2294 eodem
506 2236 607 2291 codiee
628 2242 658 2291 et
678 2236 741 2291 edd.
764 2244 828 2292 vett.
858 2243 934 2293 extet
955 2238 1061 2310 botoni
1083 2239 1226 2295 stersicce
1245 2241 1309 2316 dis-

211 2337 332 2411 fidebat,
356 2354 433 2410 quum
462 2337 608 2394 lectionem
636 2343 728 2410 sprete
751 2338 867 2394 Aeidsiii
894 2340 1071 2411 coniecturis,
1102 2353 1172 2412 quae
1201 2340 1314 2398 111111-

232 2507 297 2574 137)
316 2508 362 2561 sie
380 2509 443 2577 Agr.
460 2505 495 2562 34
520 2517 588 2562 extr.
611 2508 672 2561 cod.
690 2509 748 2561 Vnt.
765 2507 835 2561 3429
858 2514 985 2580 imputare
1005 2528 1054 2579 pro
1079 2515 1201 2585 imputari
1222 2514 1311 2579 hebet.

299 2594 363 2648 Sall.
380 2593 435 2663 lug.
453 2592 538 2658 46,1
562 2595 588 2644 in
607 2593 708 2661 aliquot
727 2594 799 2645 libris
818 2598 937 2646 nuntiare
955 2613 1002 2663 pro
1021 2580 1140 2651 onustiori
1164 2606 1211 2650 cst.
1247 2592 1313 2653 thid.

298 2676 346 2744 35,
364 2676 389 2730 3.
401 2682 427 2730 in
447 2680 533 2731 multis
543 2678 616 2730 libris
637 2678 736 2746 legitur
752 2698 850 2730 morere
867 2698 944 2746 quum
956 2696 1084 2733 senescere
1102 2686 1187 2735 omnia
1203 2685 1315 2737 molebat

298 2781 347 2833 pre
371 2764 479 2833 vulgate
497 2763 559 2815 inde
576 2778 591 2814 1
611 2762 701 2816 Cortio
720 2764 849 2831 scripturn
866 2768 963 2817 moueri
979 2782 1056 2832 quum
1080 2784 1101 2821 e.
1119 2786 1142 2819 o.
1161 2786 1211 2832 nt,
1236 2787 1312 2839 quern

302 2850 406 2920 quidem
431 2850 587 2903 Gerlaclrius
611 2850 638 2900 in
663 2848 705 2900 ed.
729 2851 791 2900 min.
810 2858 910 2901 temere
928 2854 1036 2917 spreuit.
1072 2850 1125 2907 Gir.
1142 2857 1312 2911 novissimum

298 2938 415 2991 Sallustii
433 2936 562 2989 editorem
575 2934 738 2986 Dietschiurn
755 2934 789 2985 nd
800 2933 826 2986 b.
844 2935 863 2988 l.
874 2952 900 3003 p.
918 2934 966 2990 261
978 2955 1017 3006 sq.
1054 2937 1109 2991 Oic.
1122 2939 1188 3008 lipp.
1202 2941 1312 2996 udFarn.

297 3023 322 3086 l,
342 3020 371 3087 1,
389 3020 405 3076 3
419 3023 478 3074 cod.
490 3021 558 3073 bled.
569 3023 693 3072 assentire
706 3037 754 3087 pro
767 3024 888 3073 assentiri
899 3031 926 3073 et
942 3022 980 3089 11,
998 3025 1024 3088 6,
1038 3021 1052 3076 1
1066 3028 1183 3092 perferre
1193 3042 1241 3092 pro
1249 3045 1312 3095 per-

294 3111 362 3175 ferri
378 3108 465 3160 hebet.
499 3106 623 3159 Eiusdem
636 3105 799 3157 confusionis
816 3107 935 3177 exemplu
948 3125 982 3161 ex
996 3109 1099 3162 Velleio
1112 3111 1222 3180 collegit
1232 3112 1312 3165 Kritz.

203 3178 205 3183 ¹
298 3194 423 3262 Prolegg.
449 3209 475 3259 p.
493 3182 642 3242 Lxxxvtll.
679 3191 799 3242 Vicissim
819 3193 887 3259 apud
911 3193 1022 3247 eundem
1038 3195 1142 3261 syllaba
1159 3200 1185 3247 ri
1213 3213 1261 3264 pro
1283 3216 1313 3250 re

203 3288 205 3295 ⁴
299 3278 426 3330 interdum
447 3284 486 3327 est
503 3277 604 3342 posite;
631 3276 704 3342 cujus
721 3277 810 3329 mendi
829 3280 948 3347 exemplu
972 3280 1034 3332 uide
1060 3282 1128 3348 apud
1146 3276 1313 3334 111111111-

299 3365 371 3431 legg.
390 3378 416 3429 p.
435 3361 565 3414 LXXXIX.

233 3448 299 3515 138)
317 3448 435 3501 Pichens
454 3448 486 3502 ed
504 3446 571 3500 Anu.
589 3448 638 3512 lV,
656 3445 704 3500 72:
721 3451 818 3519 Socero,
837 3452 935 3520 iuquit,
959 3461 983 3503 et
1005 3456 1033 3504 in
1053 3464 1142 3506 nostro
1160 3454 1227 3506 Meto
1245 3464 1269 3506 et
1284 3458 1314 3506 iu

301 3536 360 3586 aliie
385 3535 509 3587 ueteribus
526 3533 673 3597 obseruari,
688 3544 843 3601 postremum
859 3538 932 3591 illem
949 3538 1075 3605 syllabam
1102 3538 1246 3606 (syllabam
1270 3551 1315 3591 tur

300 3620 378 3684 dicit)
404 3624 443 3672 iio
466 3619 588 3682 describi,
611 3628 640 3670 ut
664 3629 762 3672 tontum
783 3622 860 3673 litero
884 3632 937 3674 utss
961 3635 1102 3692 appareat,
1127 3628 1193 3677 uude
1208 3627 1316 3694 plurimi

301 3723 412 3770 erroree3
439 3714 465 3757 et
484 3723 515 3757 ex
534 3706 581 3758 1111.
600 3706 708 3773 protulit
725 3705 782 3760 luc.
803 3702 950 3761 Gronovius
974 3708 1006 3760 ad
1024 3708 1091 3761 Anu.
1109 3711 1170 3776 XV,
1188 3711 1221 3766 56
1245 3713 1315 3763 scri-

299 3798 401 3859 pturam
413 3794 495 3843 accit²
518 3807 566 3860 pro
582 3795 689 3844 accitur.
703 3792 742 3845 Cf.
755 3802 893 3860 praeterea
905 3794 987 3846 verba
1001 3798 1189 3863 compendiose
1204 3799 1314 3864 scripte,

303 3892 371 3945 quoe
388 3877 554 3931 Benedictini
573 3879 591 3932 i.
609 3879 627 3931 1.
643 3877 697 3930 tab.
713 3878 748 3933 66
773 3896 804 3933 ex
822 3882 1010 3949 entiquirsimis
1028 3883 1164 3936 codicibus
1183 3882 1315 3951 diploma-

300 3964 387 4031 risque
406 3972 561 4027 euoterunt,
579 3981 701 4033 quaeque
718 3981 745 4031 p.
762 3963 814 4020 539
826 3983 884 4034 sqq.
901 3984 935 4019 ex
952 3970 1145 4023 recentioribus
1162 3968 1235 4020 libris
1253 3968 1315 4021 ool-

301 4049 431 4119 legerunt.
467 4038 511 4101 cr.
525 4050 602 4103 etiem
621 4049 768 4102 Goeschen.
787 4049 843 4106 Iud.
861 4052 984 4122 siglarum
1002 4050 1211 4131 1.·193-,491
1229 4050 1290 4107 509.

234 4167 314 4236 1381)
333 4172 377 4224 Sic
395 4166 452 4221 Gaii
470 4168 614 4222 comment.
626 4167 656 4223 11.
669 4170 693 4234 ς.
706 4168 739 4224 19
756 4187 794 4237 pr.
808 4172 892 4226 codex
906 4172 985 4231 hebet
1000 4177 1139 4242 requirere
1157 4175 1312 4242 requiritur.
1413 4208 1418 4221 .
