2934 4775
683 279 723 336 85

632 358 779 376 m

155 461 322 549 coimperatq
338 475 375 534 ell.
388 477 445 548 lv,
464 476 519 533 uu.
538 477 849 547 sontosMescuspro
861 474 1133 538 ventositatem.
1157 474 1186 530 (l.
1201 473 1252 531 le.

152 581 404 652 praecinentem
426 581 488 636 eorl
509 580 560 636 lla.
582 581 710 653 scriptum
732 586 776 636 est
797 584 842 634 aut
863 585 913 648 pro
932 578 1001 650 pari
1022 583 1252 647 cauae.aut.prn

148 674 251 755 psai-i
274 685 308 749 (is
329 701 355 740 e.
376 680 420 744 tn)
435 683 544 739 'causa
588 683 656 742 iliad
685 699 722 738 ex
743 682 787 738 ed.
810 682 879 751 Spir.
901 687 1066 742 revocarunt
1080 680 1201 734 Bactrius
1224 685 1252 736 el

153 779 313 857 limenius,
344 787 471 859 probavit
497 786 670 842 Petersenius
699 786 726 842 in
754 783 949 842 Auuctalt..in
979 784 1043 842 Tec.
1071 782 1191 853 Speciau.
1214 780 1249 837 lt.

153 905 180 960 p.
203 886 241 944 le
268 883 342 960 ⁴⁷),
365 891 419 945 hcc
442 888 593 944 emendavit
615 888 758 958 Waltlrer,
781 888 807 942 in
830 893 931 944 textum
953 891 1118 956 receperant
1138 884 1250 944 uenter

30 997 34 1006 ’
83 989 86 994 ’
151 996 179 1044 et
200 990 390 1061 Kiesslingias.
434 991 506 1047 Ante
527 990 682 1047 Beklrerum
703 991 865 1061 vulgabatur
893 991 925 1045 in
942 991 1016 1062 pari*
1032 1004 1125 1044 cosso
1145 1004 1163 1043 e
1185 986 1248 1043 cod.

152 1092 182 1148 G.
213 1100 241 1148 et
271 1095 337 1149 edd:
355 1094 507 1152 Puteolani.
554 1093 688 1164 Equidem
716 1095 837 1150 incertus
863 1109 939 1160 sura,
967 1099 1054 1150 utram
1081 1089 1184 1148 Bacnio
1214 1106 1249 1146 un

149 1195 294 1252 Welthero
323 1197 464 1252 assentiar.
507 1196 537 1251 G.
561 1195 612 1250 56.
640 1195 721 1251 codd.
745 1196 796 1252 Aia.
820 1195 850 1252 G.
879 1194 1008 1252 exhibent
1028 1194 1142 1265 qtsdiss
1164 1190 1247 1249 lateo

147 1298 478 1368 plecentenstein.
522 1299 675 1354 Eorundem
698 1298 832 1354 vocalium
854 1296 1016 1356 tentatione
1037 1296 1129 1352 aititur
1150 1310 1247 1354 cureu-

147 1399 221 1456 datic
244 1402 395 1460 Petersenli
417 1398 548 1470 (Annott.
574 1401 603 1456 ia
625 1402 692 1474 Tae.
712 1400 829 1471 Speoim.
853 1399 885 1454 ll.
915 1415 941 1470 p.
966 1394 1027 1468 3.),
1051 1398 1097 1469 qui
1124 1396 1158 1452 A.
1186 1397 1245 1467 llll,

151 1500 202 1556 tt.
226 1511 295 1558 extr.
318 1504 453 1575 vulgatam
468 1505 551 1560 codd.
573 1504 734 1575 sumpturam
749 1504 883 1576 optim
905 1517 1041 1574 quemque
1064 1500 1247 1564 educatorem

124 1601 196 1678 W
218 1607 336 1662 exilio
359 1615 540 1662 comesto
563 1607 654 1678 afficit
675 1606 703 1661 in
725 1605 843 1662 coitio
872 1612 940 1662 est
961 1610 1081 1660 marte
1103 1618 1130 1657 a.
1154 1609 1243 1660 nute-

145 1707 190 1762 vit.
235 1707 316 1763 Solet
336 1711 406 1764 enim
422 1710 532 1764 Tacitus
554 1709 589 1763 ad
610 1709 659 1763 lias
681 1709 884 1764 actioncscun
906 1707 1080 1764 distinctione
1102 1721 1136 1761 ac
1150 1705 1245 1762 distri·

143 1809 257 1865 buticum
283 1810 372 1881 ulique
401 1811 609 1881 conjungendas
636 1810 768 1881 particule
790 1818 843 1866 ost
865 1810 917 1878 nti3
942 1810 978 1866 cl.
1000 1809 1081 1866 iocos
1103 1825 1119 1863 a
1141 1808 1242 1864 Peter*

144 1911 223 1966 senio
245 1911 356 1967 allatos:
378 1912 412 1965 A.
435 1912 489 1982 vl,
513 1911 543 1966 9.
564 1921 598 1967 ot
618 1919 805 1967 accessamres
825 1913 887 1982 ejas
909 1912 1106 1982 eciliopost
1126 1918 1243 1966 morta

142 2013 354 2082 incitamentum
376 2013 409 2067 A.
432 2012 484 2083 ΙΙΙ,
509 2011 557 2068 24.
581 2014 783 2086 adulterosque
806 2030 906 2069 earum
928 2020 1043 2068 morte
1071 2019 1135 2067 cut
1154 2012 1244 2082 sape

135 2112 260 2187 'punivit
304 2114 383 2170 Pluru
399 2115 434 2171 de
456 2116 507 2170 hac
526 2115 726 2187 significatione
749 2116 897 2187 particulae
919 2124 971 2171 out
986 2114 1137 2171 docuerunt
1159 2113 1241 2170 Wal-

141 2219 201 2273 ther
223 2218 258 2272 ad
279 2216 312 2272 A.
335 2216 360 2288 1,
385 2217 413 2273 8.
437 2225 464 2273 et
485 2217 627 2274 Bellicher
648 2218 714 2274 Lex.
738 2220 802 2275 Tac.
825 2237 851 2291 p.
876 2219 924 2274 76.
967 2219 998 2273 lu
1019 2225 1126 2275 vetusto
1150 2216 1240 2288 aliquo

140 2320 291 2392 archetypo
314 2328 346 2375 at
362 2337 412 2392 pro
437 2329 489 2376 oct
511 2322 639 2393 seriptum
661 2320 747 2378 misse
762 2323 915 2401 suspiccrp
928 2322 1000 2377 uude
1022 2320 1239 2393 frequentissima
1316 2303 1318 2307 ¹

139 2423 338 2494 permutatione
360 2441 396 2479 ac
418 2425 445 2479 iu
467 2431 578 2480 nostros
602 2424 684 2480 codd.
701 2418 865 2499 'transierit3
889 2443 967 2497 quum
983 2425 1148 2500 'praesertim
1170 2440 1238 2495 par·

140 2525 239 2583 ticulae
269 2533 301 2581 ot
322 2526 409 2583 nullus
436 2526 474 2585 sit
501 2526 589 2583 locus.
632 2527 669 2582 Et
690 2514 819 2599 frequens
848 2534 891 2582 est
916 2529 1106 2601 particularum
1135 2535 1187 2582 aut
1209 2533 1238 2581 et

138 2642 175 2685 oc
189 2627 328 2697 conlusio,
342 2627 418 2694 euius
433 2628 559 2700 exempla
574 2629 686 2687 elaciti
699 2630 778 2685 libris
791 2631 865 2689 listis
881 2630 996 2700 collegit
1009 2630 1135 2687 Walther
1149 2628 1175 2689 in
1189 2627 1237 2682 ln-

139 2731 202 2786 dice
228 2728 339 2785 Annott.
367 2747 390 2785 s.
419 2747 443 2787 v.
474 2739 533 2786 cat.
555 2710 598 2771 Ἀ·-
620 2730 651 2787 Η.
673 2731 737 2802 lv·‚·
759 2732 807 2786 ce.
837 2732 918 2787 codd.
946 2731 1061 2787 namu.
1092 2731 1136 2787 ed.
1165 2732 1235 2802 Spir.

136 2830 278 2888 exhibent:
307 2830 358 2888 dat
374 2832 531 2905 ὀνήσω,
560 2836 788 2908 peripneumonia
818 2874 885 2890 ...
913 2840 1092 2890 retentarent
1121 2839 1161 2887 ot
1188 2834 1236 2904 qui

133 2937 210 3009 ipsos
233 2976 239 2990 .
324 2946 609 3009 ,prosequereutom
634 2954 710 3008 quam
724 2939 759 2992 ob
782 2914 839 2993 rem
862 2954 922 2992 cum
935 2937 1097 3006 walthero,
1119 2935 1233 3006 Bachin,

133 3038 281 3110 Rupertio,
302 3036 462 3109 Petersenio
486 3039 502 3095 l.
525 3040 541 3095 l.
564 3041 710 3097 lectionem
734 3040 815 3097 codd.
834 3038 987 3107 quoue.
1009 3039 1071 3095 edd.
1091 3038 1149 3094 Put.
1172 3054 1231 3109 sqq.

132 3140 169 3197 ari
189 3140 310 3196 lluemn.
332 3149 398 3196 sat
418 3142 479 3214 qai
500 3157 634 3198 revocare
648 3144 752 3213 malim,
776 3160 853 3214 quana
876 3144 1012 3214 vulgatam
1033 3157 1050 3201 e
1072 3138 1231 3208 coniectura

132 3242 253 3298 Rheuaui
282 3244 441 3315 sculpturam
471 3260 515 3299 ac
538 3246 600 3317 qui
621 3246 748 3301 retinere.
793 3246 967 3317 ct.·A.1v,
991 3245 1041 3300 62.
1063 3244 1229 3316 spectaculo

130 3348 268 3419 intentos,
299 3355 364 3401 ost
391 3348 453 3418 qai
482 3349 590 3403 circum
618 3347 767 3416 astabant,
794 3365 936 3424 praeceps
965 3348 1053 3404 traicit
1075 3347 1229 3418 operitque.

129 3448 216 3527 Minus
240 3465 316 3520 quam
338 3449 447 3523 vulgata
464 3449 590 3520 displicet
610 3450 694 3507 lectio
718 3452 782 3524 cod.
804 3450 838 3506 A.
861 3468 875 3506 u
899 3451 1005 3523 vakic
1026 3424 1055 3505 'et
1076 3447 1227 3519 Bipontinis

127 3556 244 3623 recepte
259 3560 300 3607 et
322 3554 389 3623 qni.
434 3553 512 3608 Solet
534 3553 605 3609 enim
627 3553 736 3613 Tacitus
766 3555 793 3611 in
823 3554 920 3610 talibus
949 3532 1094 3609 enuntiatis
1113 3526 1228 3621 formida

128 3661 164 3710 st
187 3655 249 3726 qai
268 3659 314 3709 sot
336 3656 468 3726 quique
490 3654 536 3712 uti.
580 3656 716 3726 Nusquam
744 3672 811 3714 vero
841 3673 884 3713 me
912 3655 983 3727 apud
1004 3654 1076 3713 illum
1098 3671 1142 3710 ac
1165 3655 1229 3726 qui

126 3756 233 3827 legisse
254 3755 378 3826 memini,
407 3762 435 3810 et
456 3758 582 3815 universe
610 3757 689 3814 litera
712 3775 727 3814 c
750 3766 812 3815 ante
834 3776 851 3831 q
874 3775 987 3830 perraro
1010 3774 1025 3814 e
1047 3757 1147 3813 Latinis
1169 3774 1225 3830 po·

150 4014 166 4041 ¹·
210 3999 335 4054 conlundi
355 4000 500 4055 docueruut
513 4002 650 4059 Burmann.
669 4006 702 4059 ed
713 4007 787 4061 sues.
800 4005 856 4059 Tib.
870 4005 912 4057 27.
931 4014 956 4058 et
970 3968 1102 4059 [laetenti.
1122 4003 1224 4058 cdliv.

195 4085 336 4151 -nxxxss,
353 4082 379 4139 2.

141 4171 190 4236 ts)
209 4170 333 4224 Probavit
351 4180 378 4223 et
394 4170 508 4227 lacobus
528 4175 545 4228 i.
564 4175 582 4231 l,
600 4175 631 4232 ll.
651 4192 677 4244 p.
696 4174 742 4233 ltin
