2934 4775
610 285 764 379 *Ei—-

133 485 287 543 Nucerinos
301 481 541 556 Pompeianosque
558 489 681 540 amonem
693 483 767 539 iiiam
783 484 895 539 eaedem
910 483 1007 538 iaemm
1020 496 1091 539 esse.
1135 482 1235 538 Verum

81 572 84 577 ’
137 605 217 660 quum
238 588 326 660 primo
338 605 391 659 ner
414 587 577 658 oppidanum
592 587 731 643 lasciuiam
753 587 868 642 invicem
890 587 1060 642 lacesserent
1081 590 1109 640 et
1121 584 1234 640 antra-

133 698 242 762 rentur‚
265 691 367 761 probra
382 691 462 762 etiam
483 691 659 760 ingererent,
683 689 746 745 dein
761 706 827 745 saxa
840 689 982 759 jacerent,
1004 695 1144 759 postremo
1158 686 1234 743 ierrb

134 800 288 864 certarent,
312 807 402 848 nonne
424 793 497 847 bene
520 792 617 847 dicitur
638 792 713 847 tevi
733 792 840 847 initio
863 797 985 846 atrocem
1014 791 1127 846 caedem
1149 796 1235 845 ortam

136 896 224 952 esse?
268 885 401 951 Ea‘enin'r
424 902 467 950 est
488 894 606 950 Ernestii
628 892 790 950 emendatio.
838 893 873 948 Et
893 891 958 948 alibi
985 908 1094 963 quoque
1115 893 1167 948 hac
1187 892 1235 948 lo·

134 999 245 1055 anione
267 999 348 1053 utitur
371 998 489 1052 Tacitus.
542 995 583 1051 Oi.
612 996 693 1052 iocos
721 995 786 1050 huic
807 995 971 1050 simillimos:
1001 995 1032 1050 Η,
1055 994 1082 1065 1,
1104 994 1155 1051 80.
1177 996 1235 1053 init.

131 1113 250 1173 perne
271 1101 384 1155 interim
404 1100 535 1169 initio,
558 1099 634 1156 unde
648 1099 721 1154 nibii
735 1096 903 1167 timebatur,
926 1106 1010 1152 orta
1032 1098 1133 1153 seditio
1144 1113 1236 1170 prope

134 1201 200 1258 nrbi
221 1203 335 1258 erooidia
356 1203 421 1273 fnit.
474 1201 505 1256 H.
533 1201 575 1271 tt,
606 1201 655 1256 68.
685 1202 743 1257 init
772 1201 851 1273 apud
875 1201 998 1255 dotores
1027 1209 1106 1256 orte
1132 1201 1235 1256 seditio

134 1306 320 1364 mediocri
341 1306 459 1360 initio.
503 1304 562 1359 Nec
576 1304 704 1359 absimilis
727 1310 771 1359 est
781 1302 884 1358 horum
898 1303 1023 1358 locorum
1034 1301 1118 1358 ratio:
1141 1303 1172 1357 Η.
1187 1301 1236 1373 tv,

136 1408 186 1463 50.
209 1408 371 1463 discordiae
394 1406 617 1479 repressionem
639 1415 667 1461 et
678 1422 817 1479 pecornrn
837 1408 913 1461 inter
935 1414 1063 1477 cyrestes
1083 1407 1238 1488 modicis

130 1511 340 1584 principiis
355 1510 419 1580 jorn
428 1525 483 1581 per
497 1524 580 1566 ormo
594 1515 680 1580 ottae
695 1511 776 1565 onies
787 1507 1005 1565 coercebantur.
1048 1508 1104 1564 Liv.
1115 1507 1236 1579 XXXIV,

137 1611 169 1684 i,
196 1611 222 1667 i.
243 1614 321 1667 inter
339 1610 478 1667 bolborum
499 1625 668 1681 maenarum
690 1617 743 1667 ont
763 1613 879 1667 eisdem
900 1613 1047 1684 finitorem
1067 1620 1119 1667 ont
1138 1612 1237 1667 immi-

133 1717 263 1771 nentium
291 1729 378 1770 curas
406 1714 567 1768 intercessit
594 1729 642 1768 res
667 1729 761 1786 pareo
791 1715 887 1783 meto,
917 1713 968 1769 sed
990 1730 1064 1786 unae
1085 1714 1186 1769 stodiis
1206 1715 1238 1770 in

133 1833 268 1889 mmmmm
290 1824 438 1872 costenten
459 1816 624 1869 occesserit.
676 1816 742 1870 i'ao.
764 1814 799 1870 Α.
820 1815 875 1885 tv,
899 1813 948 1869 32.
972 1821 1040 1870 extr.
1062 1824 1238 1880 nontamen

135 1922 196 1975 sine
224 1935 282 1973 nso
306 1918 397 1988 tnemt
423 1919 612 1988 introspicere
639 1917 693 1972 ibic
718 1920 840 1990 primo
868 1925 1028 1989 aspecta
1056 1918 1168 1988 tenio,
1199 1935 1237 1976 ee

138 2023 202 2094 ensis
223 2037 279 2075 mn
288 2035 444 2091 onerum
465 2035 553 2091 saepe
564 2035 660 2076 rernm
671 2027 765 2075 motas
786 2021 969 2075 oriantur.
1013 2019 1101 2073 bitem
1114 2022 1126 2075 i
1137 2019 1236 2076 omissa

139 2147 178 2161 ··-
202 2121 238 2179 de
261 2138 314 2194 quo
337 2122 437 2177 mendo
460 2121 572 2191 videas,
601 2137 670 2192 quae
692 2122 727 2178 de
749 2123 866 2193 septimo
888 2121 1014 2178 vitiorum
1036 2138 1141 2192 genere
1163 2122 1237 2177 diui·

136 2240 257 2281 nsus·-
280 2227 307 2279 in
337 2226 488 2295 archetypo
517 2223 647 2294 scriptum
676 2231 736 2280 erat
757 2227 813 2281 moi
833 2226 913 2281 intio.
963 2224 1057 2295 ltaque
1079 2225 1238 2281 emendator

138 2328 234 2399 niquis
255 2327 376 2400 syitabas
399 2335 446 2382 ten
467 2332 496 2382 et
517 2343 553 2382 ne
581 2319 790 2399 superscripsit,
822 2344 876 2399 quo
903 2329 1061 2384 brennone
1087 2328 1237 2400 legeretur.

139 2431 193 2486 Atti
216 2431 317 2486 librarii
346 2432 416 2486 trano
444 2430 605 2487 sententiam
633 2432 753 2485 assecuti
783 2430 987 2501 descripserunt
1013 2433 1186 2502 intentione,
1208 2439 1239 2487 ut

136 2533 266 2588 exhibent
295 2532 356 2587 edd.
383 2533 459 2602 Put,
490 2532 535 2586 alii
563 2532 693 2600 neglecta
715 2530 821 2600 syllaba
842 2547 878 2586 ne
907 2538 952 2587 aut
972 2535 1091 2589 intentio
1134 2541 1180 2588 aot
1201 2548 1238 2590 ex

138 2635 235 2690 crebra
264 2635 400 2689 literarum
431 2639 497 2688 cet
526 2641 538 2688 t
561 2632 724 2689 contusione
750 2633 874 2687 irmaatio
904 2641 1102 2705 exaraverunt,
1131 2634 1238 2705 quidam

136 2752 230 2792 rursus
259 2750 298 2791 ex
324 2750 375 2790 suo
402 2736 514 2806 ingenio
545 2737 726 2791 contentione
754 2733 937 2790 emendarunt.
988 2735 1115 2793 Ceterum
1143 2736 1238 2797 Baohii

138 2837 292 2894 emendatio
322 2838 453 2893 incendio
482 2837 561 2893 etiam
588 2837 758 2893 Doederiino
787 2837 901 2908 probata
931 2838 996 2892 mihi
1023 2838 1129 2909 quidem
1157 2839 1238 2896 valde

141 2941 274 3011 displicet.
319 2940 386 2995 Nam
408 2940 426 2996 ii
448 2940 499 3010 ipsi
522 2940 590 3010 inei,
621 2955 691 3010 uiros
714 2939 749 2993 ad
771 2939 924 2994 finnandam
953 2940 1025 2994 illam
1053 2942 1238 3010 conjectarem

141 3037 303 3112 andierunt,
332 3043 395 3098 luce
424 3040 523 3097 elarius
546 3042 709 3112 ostendant,
738 3042 812 3098 tale
840 3043 1041 3099 incendium
1067 3060 1123 3099 non
1151 3061 1238 3116 posse

138 3145 192 3200 diei
213 3145 309 3201 leve:
333 3146 434 3216 quippe
455 3145 532 3201 notio
546 3142 755 3214 ejusadjeativi
771 3145 962 3215 significationi
976 3146 1055 3201 vocis
1076 3147 1238 3203 incendium

139 3263 194 3303 uon
216 3248 299 3304 modo
322 3262 378 3303 non
401 3247 542 3316 convenit,
571 3247 622 3301 sed
650 3264 763 3318 prorsus
791 3256 934 3319 repugnat.
985 3250 1059 3305 Sane
1086 3250 1238 3305 incendium

139 3351 246 3420 quidem
267 3366 319 3421 per
339 3350 542 3405 translationem
570 3354 624 3403 tum
647 3349 682 3403 de
703 3348 797 3403 animis
827 3350 971 3407 commotis
985 3356 1046 3405 tum
1067 3351 1103 3406 de
1125 3352 1238 3408 turbidis

137 3453 222 3507 rebus
244 3451 357 3521 dicitur3
380 3466 471 3524 neque
491 3458 579 3507 tamen
602 3452 690 3506 levem
713 3451 845 3521 quendam
867 3459 984 3522 motum,
1016 3452 1066 3508 sed
1088 3453 1237 3513 vehemen-

136 3553 267 3610 tissimam
288 3555 498 3610 concitationem
528 3561 573 3609 aut
600 3552 774 3609 moniminas
801 3555 893 3609 turbas
924 3554 1068 3624 significat.
1114 3556 1156 3611 (ii.
1180 3556 1236 3615 Cic.

137 3656 172 3711 de
202 3653 276 3710 Orat.
305 3654 343 3724 bi,
373 3655 421 3709 tt.
451 3656 663 3710 incendium
689 3671 749 3709 non
775 3658 907 3711 oratione
934 3658 1040 3727 solnm,
1071 3659 1122 3714 sed
1149 3661 1237 3717 muita

137 3761 227 3814 etiam
249 3759 340 3828 moyis
362 3760 391 3811 oi
418 3765 446 3812 et
475 3759 574 3814 dolore
601 3758 779 3813 concitores.
832 3759 912 3813 orat*
934 3759 971 3826 8,
1002 3759 1051 3815 27.
1077 3761 1167 3832 sociis
1196 3770 1238 3818 est

137 3863 211 3918 enirn
232 3858 348 3917 nerbnrn
363 3860 481 3931 aliquod
492 3861 597 3915 urdene
619 3858 665 3923 (nt
678 3862 721 3915 ita
738 3854 851 3926 meam)
866 3871 970 3918 notare
990 3865 1075 3935 idque
1096 3866 1239 3921 restinctis

129 3965 194 4036 jem
223 3964 382 4023 animorum
408 3962 599 4016 incendiis
627 3963 758 4021 irridere.
804 3962 882 4018 catti.
903 3965 931 4035 t,
957 3962 1012 4034 tt,
1043 3965 1091 4021 29.
1113 3966 1238 4022 incidias

133 4068 312 4125 incendio
342 4064 528 4136 considerare.
591 4063 668 4135 virg.
697 4066 768 4123 Aen.
796 4067 823 4134 l,
853 4066 924 4121 566.
950 4068 1024 4121 tenti
1057 4067 1238 4125 incendia

138 4166 214 4225 betti.
256 4167 419 4225 Pseudooic.
448 4165 568 4223 Deciana
597 4166 624 4221 in
644 4168 710 4224 Satis
729 4170 789 4241 oni
818 4175 929 4225 tentam
948 4170 1113 4308 integrarum
1134 4167 1238 4229 batiaca
