<?xml version="1.0" encoding="UTF-8"?>
<!DOCTYPE html PUBLIC "-//W3C//DTD XHTML 1.0 Transitional//EN"
    "http://www.w3.org/TR/xhtml1/DTD/xhtml1-transitional.dtd">
<html xmlns="http://www.w3.org/1999/xhtml" xml:lang="en" lang="en">
 <head>
  <title>
</title>
<meta http-equiv="Content-Type" content="text/html;charset=utf-8" />
  <meta name='ocr-system' content='tesseract 3.04.00' />
  <meta name='ocr-capabilities' content='ocr_page ocr_carea ocr_par ocr_line ocrx_word'/>
</head>
<body>
  <div class='ocr_page' id='page_1' title='image "./studiacriticain01heragoog_0175.png"; bbox 0 0 2934 4775; ppageno 0'>
   <div class='ocr_carea' id='block_1_1' title="bbox 0 369 5 1160">
    <p class='ocr_par' dir='ltr' id='par_1_1' title="bbox 0 369 5 1160">
     <span class='ocr_line' id='line_1_1' title="bbox 0 369 5 1160; baseline 0 0"><span class='ocrx_word' id='word_1_1' title='bbox 0 369 5 1160; x_wconf 95' lang='lat' dir='ltr'> </span> 
     </span>
    </p>
   </div>
   <div class='ocr_carea' id='block_1_2' title="bbox 544 265 771 390">
    <p class='ocr_par' dir='ltr' id='par_1_2' title="bbox 544 265 771 390">
     <span class='ocr_line' id='line_1_2' title="bbox 544 265 771 390; baseline 0.004 -1"><span class='ocrx_word' id='word_1_2' title='bbox 544 265 771 390; x_wconf 46' lang='lat' dir='ltr'>aa..</span> 
     </span>
    </p>
   </div>
   <div class='ocr_carea' id='block_1_3' title="bbox 155 490 1253 671">
    <p class='ocr_par' dir='ltr' id='par_1_3' title="bbox 155 490 1253 671">
     <span class='ocr_line' id='line_1_3' title="bbox 156 490 1253 565; baseline 0 -15"><span class='ocrx_word' id='word_1_3' title='bbox 156 494 192 550; x_wconf 89' lang='lat' dir='ltr'>ob</span> <span class='ocrx_word' id='word_1_4' title='bbox 214 508 271 554; x_wconf 79' lang='lat' dir='ltr'>rem</span> <span class='ocrx_word' id='word_1_5' title='bbox 297 494 326 549; x_wconf 91' lang='lat' dir='ltr'>in</span> <span class='ocrx_word' id='word_1_6' title='bbox 352 492 493 551; x_wconf 85' lang='lat' dir='ltr'>codicibus</span> <span class='ocrx_word' id='word_1_7' title='bbox 521 493 604 549; x_wconf 79' lang='lat' dir='ltr'>facile</span> <span class='ocrx_word' id='word_1_8' title='bbox 629 494 718 565; x_wconf 89' lang='lat' dir='ltr'>potuit</span> <span class='ocrx_word' id='word_1_9' title='bbox 745 501 791 550; x_wconf 86' lang='lat' dir='ltr'>ant</span> <span class='ocrx_word' id='word_1_10' title='bbox 814 495 898 554; x_wconf 89' lang='lat' dir='ltr'>omitti</span> <span class='ocrx_word' id='word_1_11' title='bbox 925 490 1017 565; x_wconf 78' lang='lat'>¹³³),</span> <span class='ocrx_word' id='word_1_12' title='bbox 1050 502 1178 554; x_wconf 73' lang='lat' dir='ltr'>anteum</span> <span class='ocrx_word' id='word_1_13' title='bbox 1200 494 1253 552; x_wconf 89' lang='lat' dir='ltr'>alio</span> 
     </span>
     <span class='ocr_line' id='line_1_4' title="bbox 155 588 1250 671; baseline 0.002 -19"><span class='ocrx_word' id='word_1_14' title='bbox 155 596 318 669; x_wconf 86' lang='lat' dir='ltr'>oonrpendio</span> <span class='ocrx_word' id='word_1_15' title='bbox 334 597 478 668; x_wconf 86' lang='lat' dir='ltr'>permutari</span> <span class='ocrx_word' id='word_1_16' title='bbox 505 588 590 662; x_wconf 72' lang='grc'>134).</span> <span class='ocrx_word' id='word_1_17' title='bbox 635 596 675 656; x_wconf 89' lang='lat' dir='ltr'>Ita</span> <span class='ocrx_word' id='word_1_18' title='bbox 697 595 731 653; x_wconf 66' lang='lat' dir='ltr'>ib</span> <span class='ocrx_word' id='word_1_19' title='bbox 752 597 805 668; x_wconf 84' lang='lat' dir='ltr'>lli,</span> <span class='ocrx_word' id='word_1_20' title='bbox 830 596 878 654; x_wconf 84' lang='grc'>17.</span> <span class='ocrx_word' id='word_1_21' title='bbox 903 606 973 656; x_wconf 77' lang='lat' dir='ltr'>extr.</span> <span class='ocrx_word' id='word_1_22' title='bbox 995 616 1046 671; x_wconf 84' lang='lat' dir='ltr'>pro</span> <span class='ocrx_word' id='word_1_23' title='bbox 1063 599 1175 668; x_wconf 77' lang='lat' dir='ltr'>vetram</span> <span class='ocrx_word' id='word_1_24' title='bbox 1197 615 1250 656; x_wconf 81' lang='lat' dir='ltr'>re-</span> 
     </span>
    </p>
   </div>
   <div class='ocr_carea' id='block_1_4' title="bbox 156 844 1253 4246">
    <p class='ocr_par' dir='ltr' id='par_1_4' title="bbox 165 844 1253 2967">
     <span class='ocr_line' id='line_1_5' title="bbox 238 844 1247 914; baseline 0.002 -18"><span class='ocrx_word' id='word_1_25' title='bbox 238 847 353 896; x_wconf 88' lang='lat' dir='ltr'>virornm</span> <span class='ocrx_word' id='word_1_26' title='bbox 372 844 523 909; x_wconf 81' lang='lat' dir='ltr'>doctorum,</span> <span class='ocrx_word' id='word_1_27' title='bbox 549 848 593 914; x_wconf 91' lang='lat' dir='ltr'>qui</span> <span class='ocrx_word' id='word_1_28' title='bbox 617 844 763 897; x_wconf 86' lang='lat' dir='ltr'>lledicenm</span> <span class='ocrx_word' id='word_1_29' title='bbox 786 844 880 897; x_wconf 88' lang='lat' dir='ltr'>librum</span> <span class='ocrx_word' id='word_1_30' title='bbox 898 848 1075 913; x_wconf 80' lang='lat' dir='ltr'>inspexerunt.</span> <span class='ocrx_word' id='word_1_31' title='bbox 1110 844 1162 897; x_wconf 92' lang='lat' dir='ltr'>lsta</span> <span class='ocrx_word' id='word_1_32' title='bbox 1181 863 1247 899; x_wconf 88' lang='lat' dir='ltr'>vero</span> 
     </span>
     <span class='ocr_line' id='line_1_6' title="bbox 165 923 1249 1000; baseline 0.004 -19"><span class='ocrx_word' id='word_1_33' title='bbox 165 923 167 928; x_wconf 74' lang='grc'><strong>’</strong></span> <span class='ocrx_word' id='word_1_34' title='bbox 237 931 303 981; x_wconf 85' lang='lat' dir='ltr'>tides</span> <span class='ocrx_word' id='word_1_35' title='bbox 328 938 354 982; x_wconf 92' lang='lat' dir='ltr'>et</span> <span class='ocrx_word' id='word_1_36' title='bbox 379 933 521 982; x_wconf 88' lang='lat' dir='ltr'>auctoritas</span> <span class='ocrx_word' id='word_1_37' title='bbox 545 931 796 995; x_wconf 66' lang='lat' dir='ltr'>incatenantur,</span> <span class='ocrx_word' id='word_1_38' title='bbox 825 948 891 1000; x_wconf 88' lang='lat' dir='ltr'>qnae</span> <span class='ocrx_word' id='word_1_39' title='bbox 914 931 995 999; x_wconf 85' lang='lat' dir='ltr'>vulgo</span> <span class='ocrx_word' id='word_1_40' title='bbox 1021 948 1036 982; x_wconf 89' lang='lat' dir='ltr'>a</span> <span class='ocrx_word' id='word_1_41' title='bbox 1058 932 1155 982; x_wconf 85' lang='lat' dir='ltr'>criticis</span> <span class='ocrx_word' id='word_1_42' title='bbox 1180 933 1249 985; x_wconf 84' lang='lat' dir='ltr'>inter</span> 
     </span>
     <span class='ocr_line' id='line_1_7' title="bbox 236 1016 1250 1082; baseline 0.005 -16"><span class='ocrx_word' id='word_1_43' title='bbox 236 1017 357 1067; x_wconf 84' lang='lat' dir='ltr'>minutias</span> <span class='ocrx_word' id='word_1_44' title='bbox 382 1017 546 1082; x_wconf 82' lang='lat' dir='ltr'>reseruntur,</span> <span class='ocrx_word' id='word_1_45' title='bbox 587 1016 645 1068; x_wconf 84' lang='lat' dir='ltr'>fere</span> <span class='ocrx_word' id='word_1_46' title='bbox 669 1016 742 1068; x_wconf 88' lang='lat' dir='ltr'>nulla</span> <span class='ocrx_word' id='word_1_47' title='bbox 766 1021 818 1069; x_wconf 88' lang='lat' dir='ltr'>est:</span> <span class='ocrx_word' id='word_1_48' title='bbox 849 1026 1008 1081; x_wconf 71' lang='lat' dir='ltr'>eboracas,</span> <span class='ocrx_word' id='word_1_49' title='bbox 1034 1034 1069 1069; x_wconf 89' lang='lat' dir='ltr'>ne</span> <span class='ocrx_word' id='word_1_50' title='bbox 1092 1017 1250 1071; x_wconf 79' lang='lat' dir='ltr'>lleroaldarn</span> 
     </span>
     <span class='ocr_line' id='line_1_8' title="bbox 238 1102 1253 1176; baseline 0.001 -22"><span class='ocrx_word' id='word_1_51' title='bbox 238 1104 392 1169; x_wconf 76' lang='lat' dir='ltr'>scriptoram</span> <span class='ocrx_word' id='word_1_52' title='bbox 409 1105 489 1154; x_wconf 77' lang='lat' dir='ltr'>aeteri</span> <span class='ocrx_word' id='word_1_53' title='bbox 518 1119 550 1153; x_wconf 84' lang='lat' dir='ltr'>ex</span> <span class='ocrx_word' id='word_1_54' title='bbox 571 1103 621 1158; x_wconf 82' lang='lat' dir='ltr'>lla.</span> <span class='ocrx_word' id='word_1_55' title='bbox 639 1102 834 1170; x_wconf 72' lang='lat' dir='ltr'>deprompsisse</span> <span class='ocrx_word' id='word_1_56' title='bbox 857 1111 943 1169; x_wconf 90' lang='lat' dir='ltr'>putes.</span> <span class='ocrx_word' id='word_1_57' title='bbox 980 1102 1092 1164; x_wconf 77' lang='lat' dir='ltr'>Omnian</span> <span class='ocrx_word' id='word_1_58' title='bbox 1116 1105 1184 1176; x_wconf 68' lang='lat' dir='ltr'>enin</span> <span class='ocrx_word' id='word_1_59' title='bbox 1208 1105 1253 1160; x_wconf 80' lang='lat' dir='ltr'>uir</span> 
     </span>
     <span class='ocr_line' id='line_1_9' title="bbox 236 1187 1253 1258; baseline 0.003 -20"><span class='ocrx_word' id='word_1_60' title='bbox 236 1187 365 1243; x_wconf 74' lang='lat' dir='ltr'>credibile</span> <span class='ocrx_word' id='word_1_61' title='bbox 384 1196 437 1252; x_wconf 89' lang='lat' dir='ltr'>est,</span> <span class='ocrx_word' id='word_1_62' title='bbox 455 1188 599 1240; x_wconf 85' lang='lat' dir='ltr'>Romanum</span> <span class='ocrx_word' id='word_1_63' title='bbox 610 1189 690 1242; x_wconf 52' lang='lat' dir='ltr'>*illum</span> <span class='ocrx_word' id='word_1_64' title='bbox 708 1188 915 1255; x_wconf 78' lang='lat' dir='ltr'><strong>typographum,</strong></span> <span class='ocrx_word' id='word_1_65' title='bbox 941 1191 984 1257; x_wconf 89' lang='lat' dir='ltr'>qui</span> <span class='ocrx_word' id='word_1_66' title='bbox 1002 1206 1048 1244; x_wconf 81' lang='lat' dir='ltr'>sex</span> <span class='ocrx_word' id='word_1_67' title='bbox 1066 1191 1171 1256; x_wconf 81' lang='lat' dir='ltr'><strong>priores</strong></span> <span class='ocrx_word' id='word_1_68' title='bbox 1192 1192 1253 1258; x_wconf 89' lang='lat' dir='ltr'>qui-</span> 
     </span>
     <span class='ocr_line' id='line_1_10' title="bbox 237 1272 1249 1340; baseline 0.002 -17"><span class='ocrx_word' id='word_1_69' title='bbox 237 1272 296 1324; x_wconf 91' lang='lat' dir='ltr'>dem</span> <span class='ocrx_word' id='word_1_70' title='bbox 309 1273 446 1324; x_wconf 76' lang='lat' dir='ltr'><strong>Annalium</strong></span> <span class='ocrx_word' id='word_1_71' title='bbox 460 1274 540 1325; x_wconf 89' lang='lat' dir='ltr'>libros</span> <span class='ocrx_word' id='word_1_72' title='bbox 560 1291 591 1326; x_wconf 87' lang='lat' dir='ltr'>ex</span> <span class='ocrx_word' id='word_1_73' title='bbox 603 1275 721 1326; x_wconf 88' lang='lat' dir='ltr'>llediceo</span> <span class='ocrx_word' id='word_1_74' title='bbox 736 1274 829 1326; x_wconf 89' lang='lat' dir='ltr'>codice</span> <span class='ocrx_word' id='word_1_75' title='bbox 848 1283 909 1324; x_wconf 89' lang='lat' dir='ltr'>tunc</span> <span class='ocrx_word' id='word_1_76' title='bbox 921 1275 1019 1325; x_wconf 85' lang='lat' dir='ltr'>Rornae</span> <span class='ocrx_word' id='word_1_77' title='bbox 1037 1284 1142 1325; x_wconf 86' lang='lat' dir='ltr'>servato</span> <span class='ocrx_word' id='word_1_78' title='bbox 1158 1274 1249 1340; x_wconf 78' lang='lat' dir='ltr'>edidit,</span> 
     </span>
     <span class='ocr_line' id='line_1_11' title="bbox 196 1341 1250 1427; baseline 0.003 -19"><span class='ocrx_word' id='word_1_79' title='bbox 196 1341 198 1348; x_wconf 15' lang='grc' dir='ltr'>λ</span> <span class='ocrx_word' id='word_1_80' title='bbox 240 1358 349 1409; x_wconf 90' lang='lat' dir='ltr'>alterum</span> <span class='ocrx_word' id='word_1_81' title='bbox 368 1375 473 1427; x_wconf 89' lang='lat' dir='ltr'>quoque</span> <span class='ocrx_word' id='word_1_82' title='bbox 493 1359 637 1411; x_wconf 87' lang='lat' dir='ltr'>lledieeum</span> <span class='ocrx_word' id='word_1_83' title='bbox 656 1377 732 1410; x_wconf 89' lang='lat' dir='ltr'>manu</span> <span class='ocrx_word' id='word_1_84' title='bbox 751 1361 916 1423; x_wconf 85' lang='lat' dir='ltr'>versavisse‚</span> <span class='ocrx_word' id='word_1_85' title='bbox 944 1362 1040 1427; x_wconf 83' lang='lat' dir='ltr'>quippe</span> <span class='ocrx_word' id='word_1_86' title='bbox 1066 1362 1109 1426; x_wconf 92' lang='lat' dir='ltr'>qui</span> <span class='ocrx_word' id='word_1_87' title='bbox 1128 1363 1178 1410; x_wconf 86' lang='lat' dir='ltr'>iarn</span> <span class='ocrx_word' id='word_1_88' title='bbox 1197 1365 1250 1411; x_wconf 91' lang='lat' dir='ltr'>tuin</span> 
     </span>
     <span class='ocr_line' id='line_1_12' title="bbox 233 1429 1250 1513; baseline 0.002 -19"><span class='ocrx_word' id='word_1_89' title='bbox 233 1441 387 1495; x_wconf 79' lang='lat' dir='ltr'>Florentiae</span> <span class='ocrx_word' id='word_1_90' title='bbox 407 1453 433 1495; x_wconf 89' lang='lat' dir='ltr'>et</span> <span class='ocrx_word' id='word_1_91' title='bbox 453 1446 558 1513; x_wconf 89' lang='lat' dir='ltr'>quidem</span> <span class='ocrx_word' id='word_1_92' title='bbox 578 1447 604 1495; x_wconf 93' lang='lat' dir='ltr'>in</span> <span class='ocrx_word' id='word_1_93' title='bbox 622 1444 653 1498; x_wconf 86' lang='lat' dir='ltr'>D.</span> <span class='ocrx_word' id='word_1_94' title='bbox 665 1445 745 1497; x_wconf 84' lang='lat' dir='ltr'>lilaroi</span> <span class='ocrx_word' id='word_1_95' title='bbox 762 1444 924 1496; x_wconf 88' lang='lat' dir='ltr'>bibliotheca</span> <span class='ocrx_word' id='word_1_96' title='bbox 942 1429 1024 1498; x_wconf 80' lang='lat' dir='ltr'>fuisse</span> <span class='ocrx_word' id='word_1_97' title='bbox 1042 1445 1177 1507; x_wconf 82' lang='lat' dir='ltr'>rideatnr3</span> <span class='ocrx_word' id='word_1_98' title='bbox 1203 1445 1250 1497; x_wconf 79' lang='lat' dir='ltr'>cfr.</span> 
     </span>
     <span class='ocr_line' id='line_1_13' title="bbox 233 1529 1249 1598; baseline 0.003 -20"><span class='ocrx_word' id='word_1_99' title='bbox 233 1535 321 1579; x_wconf 81' lang='lat' dir='ltr'>natam</span> <span class='ocrx_word' id='word_1_100' title='bbox 340 1531 450 1581; x_wconf 89' lang='lat' dir='ltr'>Victorii</span> <span class='ocrx_word' id='word_1_101' title='bbox 468 1532 495 1580; x_wconf 88' lang='lat' dir='ltr'>in</span> <span class='ocrx_word' id='word_1_102' title='bbox 512 1530 639 1583; x_wconf 83' lang='lat' dir='ltr'>Waltberi</span> <span class='ocrx_word' id='word_1_103' title='bbox 656 1531 743 1584; x_wconf 79' lang='lat' dir='ltr'>Praei.</span> <span class='ocrx_word' id='word_1_104' title='bbox 760 1547 786 1598; x_wconf 89' lang='lat' dir='ltr'>p.</span> <span class='ocrx_word' id='word_1_105' title='bbox 799 1530 911 1581; x_wconf 77' lang='lat' dir='ltr'>xxxvii·</span> <span class='ocrx_word' id='word_1_106' title='bbox 927 1530 1094 1597; x_wconf 72' lang='lat' dir='ltr'>descriptam:</span> <span class='ocrx_word' id='word_1_107' title='bbox 1105 1531 1165 1582; x_wconf 77' lang='lat' dir='ltr'>cnm</span> <span class='ocrx_word' id='word_1_108' title='bbox 1178 1529 1249 1581; x_wconf 77' lang='lat' dir='ltr'>Bau·-</span> 
     </span>
     <span class='ocr_line' id='line_1_14' title="bbox 235 1612 1248 1696; baseline 0.006 -32"><span class='ocrx_word' id='word_1_109' title='bbox 235 1612 290 1674; x_wconf 82' lang='lat' dir='ltr'>dini</span> <span class='ocrx_word' id='word_1_110' title='bbox 309 1612 392 1668; x_wconf 79' lang='lat' dir='ltr'>Caret.</span> <span class='ocrx_word' id='word_1_111' title='bbox 411 1614 488 1670; x_wconf 87' lang='lat' dir='ltr'>codd.</span> <span class='ocrx_word' id='word_1_112' title='bbox 516 1616 570 1668; x_wconf 87' lang='lat' dir='ltr'>Lat.</span> <span class='ocrx_word' id='word_1_113' title='bbox 587 1616 656 1676; x_wconf 81' lang='lat' dir='ltr'>Bibl.</span> <span class='ocrx_word' id='word_1_114' title='bbox 674 1617 751 1669; x_wconf 80' lang='lat' dir='ltr'>Laur.</span> <span class='ocrx_word' id='word_1_115' title='bbox 769 1616 835 1667; x_wconf 88' lang='lat' dir='ltr'>bled.</span> <span class='ocrx_word' id='word_1_116' title='bbox 861 1615 889 1670; x_wconf 82' lang='grc' dir='ltr'>Τ.</span> <span class='ocrx_word' id='word_1_117' title='bbox 907 1614 939 1669; x_wconf 90' lang='lat' dir='ltr'>ll.</span> <span class='ocrx_word' id='word_1_118' title='bbox 962 1633 988 1683; x_wconf 88' lang='lat' dir='ltr'>p.</span> <span class='ocrx_word' id='word_1_119' title='bbox 1005 1614 1058 1674; x_wconf 82' lang='grc'>836</span> <span class='ocrx_word' id='word_1_120' title='bbox 1074 1633 1137 1696; x_wconf 75' lang='lat' dir='ltr'>epm</span> <span class='ocrx_word' id='word_1_121' title='bbox 1152 1617 1248 1684; x_wconf 77' lang='lat' dir='ltr'>iisque,</span> 
     </span>
     <span class='ocr_line' id='line_1_15' title="bbox 232 1700 1247 1774; baseline 0.007 -25"><span class='ocrx_word' id='word_1_122' title='bbox 232 1716 301 1767; x_wconf 81' lang='lat' dir='ltr'>quae</span> <span class='ocrx_word' id='word_1_123' title='bbox 319 1701 420 1751; x_wconf 83' lang='lat' dir='ltr'>lleilius</span> <span class='ocrx_word' id='word_1_124' title='bbox 440 1701 472 1751; x_wconf 92' lang='lat' dir='ltr'>de</span> <span class='ocrx_word' id='word_1_125' title='bbox 492 1700 523 1751; x_wconf 85' lang='lat' dir='ltr'>D.</span> <span class='ocrx_word' id='word_1_126' title='bbox 542 1702 622 1754; x_wconf 83' lang='lat' dir='ltr'>Marci</span> <span class='ocrx_word' id='word_1_127' title='bbox 639 1701 802 1754; x_wconf 89' lang='lat' dir='ltr'>bibliotheca</span> <span class='ocrx_word' id='word_1_128' title='bbox 820 1702 973 1770; x_wconf 72' lang='lat' dir='ltr'>Florentino</span> <span class='ocrx_word' id='word_1_129' title='bbox 989 1719 1079 1774; x_wconf 77' lang='lat' dir='ltr'>nuper</span> <span class='ocrx_word' id='word_1_130' title='bbox 1096 1703 1201 1772; x_wconf 81' lang='lat' dir='ltr'>scripsit</span> <span class='ocrx_word' id='word_1_131' title='bbox 1219 1704 1247 1766; x_wconf 77' lang='lat' dir='ltr'>in</span> 
     </span>
     <span class='ocr_line' id='line_1_16' title="bbox 232 1781 1248 1864; baseline 0.003 -29"><span class='ocrx_word' id='word_1_132' title='bbox 232 1784 431 1835; x_wconf 87' lang='lat' dir='ltr'>Schneidewini</span> <span class='ocrx_word' id='word_1_133' title='bbox 449 1784 591 1851; x_wconf 89' lang='lat' dir='ltr'>Philologc</span> <span class='ocrx_word' id='word_1_134' title='bbox 610 1784 635 1849; x_wconf 92' lang='lat' dir='ltr'>l,</span> <span class='ocrx_word' id='word_1_135' title='bbox 654 1781 669 1836; x_wconf 91' lang='lat'><strong>1</strong></span> <span class='ocrx_word' id='word_1_136' title='bbox 688 1802 713 1851; x_wconf 89' lang='lat' dir='ltr'>p.</span> <span class='ocrx_word' id='word_1_137' title='bbox 726 1785 785 1838; x_wconf 78' lang='lat'>182:</span> <span class='ocrx_word' id='word_1_138' title='bbox 817 1785 872 1836; x_wconf 82' lang='lat' dir='ltr'>lam</span> <span class='ocrx_word' id='word_1_139' title='bbox 891 1803 955 1837; x_wconf 86' lang='lat' dir='ltr'>vcro</span> <span class='ocrx_word' id='word_1_140' title='bbox 973 1788 1091 1856; x_wconf 86' lang='lat' dir='ltr'>reliquos</span> <span class='ocrx_word' id='word_1_141' title='bbox 1104 1787 1248 1864; x_wconf 63' lang='lat' dir='ltr'>Annalium</span> 
     </span>
     <span class='ocr_line' id='line_1_17' title="bbox 235 1867 1244 1934; baseline 0.005 -16"><span class='ocrx_word' id='word_1_142' title='bbox 235 1876 261 1918; x_wconf 89' lang='lat' dir='ltr'>et</span> <span class='ocrx_word' id='word_1_143' title='bbox 279 1868 448 1919; x_wconf 88' lang='lat' dir='ltr'>ilistoriarum</span> <span class='ocrx_word' id='word_1_144' title='bbox 467 1868 549 1919; x_wconf 86' lang='lat' dir='ltr'>libros</span> <span class='ocrx_word' id='word_1_145' title='bbox 568 1886 583 1920; x_wconf 90' lang='lat' dir='ltr'>a</span> <span class='ocrx_word' id='word_1_146' title='bbox 600 1867 732 1921; x_wconf 77' lang='lat' dir='ltr'>beroaldo</span> <span class='ocrx_word' id='word_1_147' title='bbox 752 1886 804 1921; x_wconf 89' lang='lat' dir='ltr'>non</span> <span class='ocrx_word' id='word_1_148' title='bbox 825 1887 855 1920; x_wconf 86' lang='lat' dir='ltr'>ex</span> <span class='ocrx_word' id='word_1_149' title='bbox 873 1871 922 1925; x_wconf 81' lang='lat' dir='ltr'>tta.</span> <span class='ocrx_word' id='word_1_150' title='bbox 942 1867 1052 1934; x_wconf 65' lang='lat' dir='ltr'>editos‚‘</span> <span class='ocrx_word' id='word_1_151' title='bbox 1066 1872 1114 1922; x_wconf 87' lang='lat' dir='ltr'>sed</span> <span class='ocrx_word' id='word_1_152' title='bbox 1135 1889 1167 1922; x_wconf 85' lang='lat' dir='ltr'>ex</span> <span class='ocrx_word' id='word_1_153' title='bbox 1186 1874 1244 1923; x_wconf 90' lang='lat' dir='ltr'>edi·</span> 
     </span>
     <span class='ocr_line' id='line_1_18' title="bbox 232 1952 1246 2022; baseline 0.008 -20"><span class='ocrx_word' id='word_1_154' title='bbox 232 1955 305 2003; x_wconf 89' lang='lat' dir='ltr'>tione</span> <span class='ocrx_word' id='word_1_155' title='bbox 324 1952 462 2004; x_wconf 80' lang='lat' dir='ltr'>Puteolani</span> <span class='ocrx_word' id='word_1_156' title='bbox 486 1954 587 2005; x_wconf 88' lang='lat' dir='ltr'>Veneta</span> <span class='ocrx_word' id='word_1_157' title='bbox 613 1953 715 2005; x_wconf 89' lang='lat' dir='ltr'>additos</span> <span class='ocrx_word' id='word_1_158' title='bbox 742 1971 817 2017; x_wconf 88' lang='lat' dir='ltr'>esse,</span> <span class='ocrx_word' id='word_1_159' title='bbox 841 1955 976 2005; x_wconf 86' lang='lat' dir='ltr'>Ernestius</span> <span class='ocrx_word' id='word_1_160' title='bbox 1000 1956 1085 2008; x_wconf 83' lang='lat' dir='ltr'>Praei.</span> <span class='ocrx_word' id='word_1_161' title='bbox 1104 1973 1129 2022; x_wconf 90' lang='lat' dir='ltr'>p.</span> <span class='ocrx_word' id='word_1_162' title='bbox 1147 1957 1246 2012; x_wconf 67' lang='lat' dir='ltr'>xxvttss</span> 
     </span>
     <span class='ocr_line' id='line_1_19' title="bbox 174 2033 1246 2109; baseline 0.007 -22"><span class='ocrx_word' id='word_1_163' title='bbox 174 2033 176 2038; x_wconf 81' lang='lat'>&#39;</span> <span class='ocrx_word' id='word_1_164' title='bbox 233 2038 276 2090; x_wconf 85' lang='lat' dir='ltr'>ed.</span> <span class='ocrx_word' id='word_1_165' title='bbox 290 2038 373 2088; x_wconf 80' lang='lat' dir='ltr'>Reblr.</span> <span class='ocrx_word' id='word_1_166' title='bbox 392 2038 568 2104; x_wconf 71' lang='lat' dir='ltr'>compluribus</span> <span class='ocrx_word' id='word_1_167' title='bbox 582 2043 740 2107; x_wconf 71' lang='lat' dir='ltr'>argumentis</span> <span class='ocrx_word' id='word_1_168' title='bbox 754 2040 926 2106; x_wconf 87' lang='lat' dir='ltr'>probabiliter</span> <span class='ocrx_word' id='word_1_169' title='bbox 934 2040 1140 2103; x_wconf 46' lang='lat' dir='ltr'>,demonstrarit</span> <span class='ocrx_word' id='word_1_170' title='bbox 1160 2057 1175 2091; x_wconf 90' lang='lat' dir='ltr'>a</span> <span class='ocrx_word' id='word_1_171' title='bbox 1192 2058 1246 2109; x_wconf 84' lang='lat' dir='ltr'>qua</span> 
     </span>
     <span class='ocr_line' id='line_1_20' title="bbox 232 2124 1247 2191; baseline 0.009 -17"><span class='ocrx_word' id='word_1_172' title='bbox 232 2126 362 2184; x_wconf 74' lang='lat' dir='ltr'>sententie</span> <span class='ocrx_word' id='word_1_173' title='bbox 385 2124 503 2180; x_wconf 86' lang='lat' dir='ltr'>Walther</span> <span class='ocrx_word' id='word_1_174' title='bbox 525 2124 611 2178; x_wconf 84' lang='lat' dir='ltr'>Praei.</span> <span class='ocrx_word' id='word_1_175' title='bbox 640 2142 667 2191; x_wconf 86' lang='lat' dir='ltr'>p.</span> <span class='ocrx_word' id='word_1_176' title='bbox 685 2125 781 2180; x_wconf 83' lang='lat' dir='ltr'>XXVll.</span> <span class='ocrx_word' id='word_1_177' title='bbox 810 2127 851 2180; x_wconf 78' lang='lat' dir='ltr'>ed·</span> <span class='ocrx_word' id='word_1_178' title='bbox 876 2142 941 2190; x_wconf 81' lang='lat' dir='ltr'>suae</span> <span class='ocrx_word' id='word_1_179' title='bbox 965 2134 1065 2178; x_wconf 86' lang='lat' dir='ltr'>temere</span> <span class='ocrx_word' id='word_1_180' title='bbox 1088 2126 1247 2182; x_wconf 82' lang='lat' dir='ltr'>dissensisse</span> 
     </span>
     <span class='ocr_line' id='line_1_21' title="bbox 231 2210 1245 2290; baseline 0.004 -30"><span class='ocrx_word' id='word_1_181' title='bbox 231 2210 295 2260; x_wconf 84' lang='lat' dir='ltr'>anibi</span> <span class='ocrx_word' id='word_1_182' title='bbox 313 2210 437 2274; x_wconf 80' lang='lat' dir='ltr'>videtur,</span> <span class='ocrx_word' id='word_1_183' title='bbox 456 2219 545 2277; x_wconf 88' lang='lat' dir='ltr'>utpote</span> <span class='ocrx_word' id='word_1_184' title='bbox 564 2214 654 2284; x_wconf 84' lang='lat' dir='ltr'>paucis</span> <span class='ocrx_word' id='word_1_185' title='bbox 673 2212 755 2276; x_wconf 80' lang='lat' dir='ltr'>locis,</span> <span class='ocrx_word' id='word_1_186' title='bbox 775 2212 819 2264; x_wconf 91' lang='lat' dir='ltr'>ubi</span> <span class='ocrx_word' id='word_1_187' title='bbox 837 2212 1055 2270; x_wconf 87' lang='lat' dir='ltr'>editioBeroaldi</span> <span class='ocrx_word' id='word_1_188' title='bbox 1073 2212 1245 2290; x_wconf 65' lang='lat' dir='ltr'>aPuteolana</span> 
     </span>
     <span class='ocr_line' id='line_1_22' title="bbox 230 2296 1247 2370; baseline 0.006 -26"><span class='ocrx_word' id='word_1_189' title='bbox 230 2296 287 2346; x_wconf 84' lang='lat' dir='ltr'>sive</span> <span class='ocrx_word' id='word_1_190' title='bbox 306 2311 443 2361; x_wconf 87' lang='lat' dir='ltr'>operarum</span> <span class='ocrx_word' id='word_1_191' title='bbox 462 2298 528 2348; x_wconf 80' lang='lat' dir='ltr'>uitio</span> <span class='ocrx_word' id='word_1_192' title='bbox 547 2299 605 2347; x_wconf 89' lang='lat' dir='ltr'>sive</span> <span class='ocrx_word' id='word_1_193' title='bbox 619 2300 777 2349; x_wconf 86' lang='lat' dir='ltr'>correctoris</span> <span class='ocrx_word' id='word_1_194' title='bbox 797 2299 924 2350; x_wconf 89' lang='lat' dir='ltr'>industria</span> <span class='ocrx_word' id='word_1_195' title='bbox 943 2298 1088 2368; x_wconf 82' lang='lat' dir='ltr'>discrepat,</span> <span class='ocrx_word' id='word_1_196' title='bbox 1109 2298 1247 2370; x_wconf 28' lang='lat' dir='ltr'>deceptus..</span> 
     </span>
     <span class='ocr_line' id='line_1_23' title="bbox 227 2373 1243 2453; baseline 0.008 -23"><span class='ocrx_word' id='word_1_197' title='bbox 227 2378 284 2432; x_wconf 90' lang='lat' dir='ltr'>lloe</span> <span class='ocrx_word' id='word_1_198' title='bbox 297 2381 375 2433; x_wconf 69' lang='lat' dir='ltr'>&#39;certe</span> <span class='ocrx_word' id='word_1_199' title='bbox 388 2382 449 2434; x_wconf 90' lang='lat' dir='ltr'>loco</span> <span class='ocrx_word' id='word_1_200' title='bbox 460 2382 604 2433; x_wconf 86' lang='lat' dir='ltr'>llediceum</span> <span class='ocrx_word' id='word_1_201' title='bbox 616 2383 709 2435; x_wconf 90' lang='lat' dir='ltr'>librum</span> <span class='ocrx_word' id='word_1_202' title='bbox 728 2384 883 2437; x_wconf 75' lang='lat' dir='ltr'>alieroaldo</span> <span class='ocrx_word' id='word_1_203' title='bbox 903 2402 1009 2453; x_wconf 86' lang='lat' dir='ltr'>prorsus</span> <span class='ocrx_word' id='word_1_204' title='bbox 1027 2402 1080 2437; x_wconf 91' lang='lat' dir='ltr'>non</span> <span class='ocrx_word' id='word_1_205' title='bbox 1098 2373 1243 2453; x_wconf 78' lang='lat' dir='ltr'>inspectum</span> 
     </span>
     <span class='ocr_line' id='line_1_24' title="bbox 228 2454 1243 2534; baseline 0.007 -18"><span class='ocrx_word' id='word_1_206' title='bbox 228 2482 287 2516; x_wconf 84' lang='lat' dir='ltr'>esse</span> <span class='ocrx_word' id='word_1_207' title='bbox 306 2454 371 2517; x_wconf 88' lang='lat' dir='ltr'>inde</span> <span class='ocrx_word' id='word_1_208' title='bbox 385 2475 471 2533; x_wconf 89' lang='lat' dir='ltr'>patet,</span> <span class='ocrx_word' id='word_1_209' title='bbox 491 2467 578 2534; x_wconf 83' lang='lat' dir='ltr'>quod,</span> <span class='ocrx_word' id='word_1_210' title='bbox 598 2484 675 2534; x_wconf 89' lang='lat' dir='ltr'>quum</span> <span class='ocrx_word' id='word_1_211' title='bbox 699 2469 748 2518; x_wconf 87' lang='lat' dir='ltr'>lla.</span> <span class='ocrx_word' id='word_1_212' title='bbox 766 2470 876 2520; x_wconf 89' lang='lat' dir='ltr'>testibus</span> <span class='ocrx_word' id='word_1_213' title='bbox 887 2471 1005 2523; x_wconf 88' lang='lat' dir='ltr'>Victorio</span> <span class='ocrx_word' id='word_1_214' title='bbox 1024 2478 1051 2520; x_wconf 88' lang='lat' dir='ltr'>et</span> <span class='ocrx_word' id='word_1_215' title='bbox 1068 2469 1091 2522; x_wconf 85' lang='lat' dir='ltr'>J.</span> <span class='ocrx_word' id='word_1_216' title='bbox 1110 2470 1243 2524; x_wconf 82' lang='lat' dir='ltr'>Gronovio</span> 
     </span>
     <span class='ocr_line' id='line_1_25' title="bbox 225 2551 1246 2624; baseline 0.009 -24"><span class='ocrx_word' id='word_1_217' title='bbox 225 2560 315 2618; x_wconf 81' lang='lat' dir='ltr'>poscet</span> <span class='ocrx_word' id='word_1_218' title='bbox 329 2551 466 2614; x_wconf 86' lang='lat' dir='ltr'>exhibeat,</span> <span class='ocrx_word' id='word_1_219' title='bbox 490 2551 585 2624; x_wconf 19' lang='lat' dir='ltr'>inhed.</span> <span class='ocrx_word' id='word_1_220' title='bbox 602 2551 663 2603; x_wconf 80' lang='lat' dir='ltr'>Ber.</span> <span class='ocrx_word' id='word_1_221' title='bbox 679 2562 785 2619; x_wconf 78' lang='lat' dir='ltr'>poscent</span> <span class='ocrx_word' id='word_1_222' title='bbox 801 2553 905 2620; x_wconf 80' lang='lat' dir='ltr'>legitur.</span> <span class='ocrx_word' id='word_1_223' title='bbox 938 2554 1014 2605; x_wconf 89' lang='lat' dir='ltr'>Bene</span> <span class='ocrx_word' id='word_1_224' title='bbox 1025 2557 1117 2623; x_wconf 85' lang='lat' dir='ltr'>&#39;igitur</span> <span class='ocrx_word' id='word_1_225' title='bbox 1133 2556 1246 2611; x_wconf 77' lang='lat' dir='ltr'>Hessius</span> 
     </span>
     <span class='ocr_line' id='line_1_26' title="bbox 227 2622 1246 2707; baseline 0.004 -19"><span class='ocrx_word' id='word_1_226' title='bbox 227 2644 282 2695; x_wconf 78' lang='lat' dir='ltr'>not,</span> <span class='ocrx_word' id='word_1_227' title='bbox 293 2635 339 2691; x_wconf 59' lang='lat' dir='ltr'>db&gt;</span> <span class='ocrx_word' id='word_1_228' title='bbox 351 2638 386 2691; x_wconf 86' lang='lat' dir='ltr'>ad</span> <span class='ocrx_word' id='word_1_229' title='bbox 399 2637 511 2705; x_wconf 81' lang='lat' dir='ltr'>Reisigii</span> <span class='ocrx_word' id='word_1_230' title='bbox 530 2635 572 2691; x_wconf 85' lang='lat' dir='ltr'>Gr.</span> <span class='ocrx_word' id='word_1_231' title='bbox 589 2622 645 2688; x_wconf 82' lang='lat' dir='ltr'>Lat.</span> <span class='ocrx_word' id='word_1_232' title='bbox 663 2653 688 2704; x_wconf 87' lang='lat' dir='ltr'>p.</span> <span class='ocrx_word' id='word_1_233' title='bbox 707 2635 742 2689; x_wconf 86' lang='grc'>90</span> <span class='ocrx_word' id='word_1_234' title='bbox 758 2648 841 2693; x_wconf 76' lang='lat' dir='ltr'>aeteae</span> <span class='ocrx_word' id='word_1_235' title='bbox 858 2655 908 2705; x_wconf 88' lang='lat' dir='ltr'>pro</span> <span class='ocrx_word' id='word_1_236' title='bbox 925 2640 1129 2707; x_wconf 75' lang='lat' dir='ltr'>vulgatoeeteri</span> <span class='ocrx_word' id='word_1_237' title='bbox 1146 2643 1246 2695; x_wconf 73' lang='lat' dir='ltr'>rasari-t</span> 
     </span>
     <span class='ocr_line' id='line_1_27' title="bbox 227 2720 1244 2793; baseline 0.003 -21"><span class='ocrx_word' id='word_1_238' title='bbox 227 2720 342 2773; x_wconf 80' lang='lat' dir='ltr'>bendum</span> <span class='ocrx_word' id='word_1_239' title='bbox 360 2725 476 2784; x_wconf 84' lang='lat' dir='ltr'>censuit,</span> <span class='ocrx_word' id='word_1_240' title='bbox 501 2724 528 2775; x_wconf 87' lang='lat' dir='ltr'>in</span> <span class='ocrx_word' id='word_1_241' title='bbox 546 2739 579 2774; x_wconf 90' lang='lat' dir='ltr'>co</span> <span class='ocrx_word' id='word_1_242' title='bbox 600 2731 688 2774; x_wconf 90' lang='lat' dir='ltr'>tamen</span> <span class='ocrx_word' id='word_1_243' title='bbox 707 2725 822 2787; x_wconf 86' lang='lat' dir='ltr'>erravit,</span> <span class='ocrx_word' id='word_1_244' title='bbox 848 2723 918 2791; x_wconf 90' lang='lat' dir='ltr'>quod</span> <span class='ocrx_word' id='word_1_245' title='bbox 936 2725 1024 2793; x_wconf 71' lang='lat' dir='ltr'>Agrip,</span> <span class='ocrx_word' id='word_1_246' title='bbox 1044 2725 1061 2779; x_wconf 80' lang='lat'>4</span> <span class='ocrx_word' id='word_1_247' title='bbox 1077 2741 1117 2791; x_wconf 83' lang='lat' dir='ltr'>pr.</span> <span class='ocrx_word' id='word_1_248' title='bbox 1134 2724 1244 2793; x_wconf 82' lang='lat' dir='ltr'>formam</span> 
     </span>
     <span class='ocr_line' id='line_1_28' title="bbox 230 2808 1242 2876; baseline 0.006 -20"><span class='ocrx_word' id='word_1_249' title='bbox 230 2811 309 2858; x_wconf 68' lang='lat' dir='ltr'>cetera</span> <span class='ocrx_word' id='word_1_250' title='bbox 327 2809 438 2873; x_wconf 88' lang='lat' dir='ltr'>reperiri</span> <span class='ocrx_word' id='word_1_251' title='bbox 457 2810 508 2871; x_wconf 86' lang='lat' dir='ltr'>ait,</span> <span class='ocrx_word' id='word_1_252' title='bbox 534 2825 611 2875; x_wconf 88' lang='lat' dir='ltr'>quum</span> <span class='ocrx_word' id='word_1_253' title='bbox 625 2825 682 2859; x_wconf 88' lang='lat' dir='ltr'>eam</span> <span class='ocrx_word' id='word_1_254' title='bbox 701 2809 791 2872; x_wconf 84' lang='lat' dir='ltr'>solae,</span> <span class='ocrx_word' id='word_1_255' title='bbox 811 2809 881 2876; x_wconf 80' lang='lat' dir='ltr'>quod</span> <span class='ocrx_word' id='word_1_256' title='bbox 894 2810 990 2872; x_wconf 85' lang='lat' dir='ltr'>sciam,</span> <span class='ocrx_word' id='word_1_257' title='bbox 1011 2810 1142 2865; x_wconf 82' lang='lat' dir='ltr'>editiones</span> <span class='ocrx_word' id='word_1_258' title='bbox 1156 2808 1242 2865; x_wconf 86' lang='lat' dir='ltr'>Ober-</span> 
     </span>
     <span class='ocr_line' id='line_1_29' title="bbox 229 2880 1241 2967; baseline 0.004 -23"><span class='ocrx_word' id='word_1_259' title='bbox 229 2893 276 2944; x_wconf 91' lang='lat' dir='ltr'>lini</span> <span class='ocrx_word' id='word_1_260' title='bbox 296 2901 322 2943; x_wconf 90' lang='lat' dir='ltr'>et</span> <span class='ocrx_word' id='word_1_261' title='bbox 340 2893 466 2944; x_wconf 83' lang='lat' dir='ltr'>Waltberi</span> <span class='ocrx_word' id='word_1_262' title='bbox 489 2911 521 2945; x_wconf 89' lang='lat' dir='ltr'>ex</span> <span class='ocrx_word' id='word_1_263' title='bbox 546 2894 640 2945; x_wconf 88' lang='lat' dir='ltr'>mendo</span> <span class='ocrx_word' id='word_1_264' title='bbox 666 2894 858 2962; x_wconf 71' lang='lat' dir='ltr'>typographico</span> <span class='ocrx_word' id='word_1_265' title='bbox 882 2880 977 2967; x_wconf 83' lang='lat' dir='ltr'>prioris</span> <span class='ocrx_word' id='word_1_266' title='bbox 1001 2894 1152 2961; x_wconf 82' lang='lat' dir='ltr'>praebeant.</span> <span class='ocrx_word' id='word_1_267' title='bbox 1188 2893 1241 2949; x_wconf 82' lang='lat' dir='ltr'>cfr.</span> 
     </span>
    </p>

    <p class='ocr_par' dir='ltr' id='par_1_5' title="bbox 156 2976 1245 4246">
     <span class='ocr_line' id='line_1_30' title="bbox 164 2976 1207 3047; baseline 0.004 -19"><span class='ocrx_word' id='word_1_268' title='bbox 164 2988 166 2993; x_wconf 81' lang='grc'>’</span> <span class='ocrx_word' id='word_1_269' title='bbox 226 2976 372 3030; x_wconf 80' lang='lat' dir='ltr'>Dronlrium</span> <span class='ocrx_word' id='word_1_270' title='bbox 391 2981 417 3029; x_wconf 91' lang='lat' dir='ltr'>in</span> <span class='ocrx_word' id='word_1_271' title='bbox 436 2980 578 3031; x_wconf 87' lang='lat' dir='ltr'>novissima</span> <span class='ocrx_word' id='word_1_272' title='bbox 596 2980 741 3047; x_wconf 78' lang='lat' dir='ltr'>Agricolae</span> <span class='ocrx_word' id='word_1_273' title='bbox 761 2980 888 3032; x_wconf 85' lang='lat' dir='ltr'>editione.</span> <span class='ocrx_word' id='word_1_274' title='bbox 1204 2988 1207 2997; x_wconf 63' lang='lat'>¹</span> 
     </span>
     <span class='ocr_line' id='line_1_31' title="bbox 160 3061 1241 3134; baseline 0.003 -19"><span class='ocrx_word' id='word_1_275' title='bbox 160 3061 224 3127; x_wconf 78' lang='lat'>133)</span> <span class='ocrx_word' id='word_1_276' title='bbox 242 3065 286 3115; x_wconf 85' lang='lat' dir='ltr'>Sic</span> <span class='ocrx_word' id='word_1_277' title='bbox 304 3064 372 3118; x_wconf 87' lang='lat' dir='ltr'>Vell.</span> <span class='ocrx_word' id='word_1_278' title='bbox 390 3063 429 3128; x_wconf 84' lang='lat' dir='ltr'>ll,</span> <span class='ocrx_word' id='word_1_279' title='bbox 450 3062 512 3128; x_wconf 85' lang='lat'>105,</span> <span class='ocrx_word' id='word_1_280' title='bbox 531 3062 548 3115; x_wconf 84' lang='lat'>2</span> <span class='ocrx_word' id='word_1_281' title='bbox 565 3065 708 3118; x_wconf 90' lang='lat' dir='ltr'>lectionem</span> <span class='ocrx_word' id='word_1_282' title='bbox 727 3082 821 3134; x_wconf 79' lang='lat' dir='ltr'>apogr.</span> <span class='ocrx_word' id='word_1_283' title='bbox 838 3066 944 3118; x_wconf 80' lang='lat' dir='ltr'>Amerb.</span> <span class='ocrx_word' id='word_1_284' title='bbox 962 3066 1069 3117; x_wconf 74' lang='lat' dir='ltr'>attilam</span> <span class='ocrx_word' id='word_1_285' title='bbox 1087 3082 1119 3117; x_wconf 83' lang='lat' dir='ltr'>ex</span> <span class='ocrx_word' id='word_1_286' title='bbox 1138 3067 1241 3119; x_wconf 63' lang='lat' dir='ltr'>addida</span> 
     </span>
     <span class='ocr_line' id='line_1_32' title="bbox 224 3143 1241 3221; baseline 0.003 -18"><span class='ocrx_word' id='word_1_287' title='bbox 224 3150 307 3204; x_wconf 84' lang='lat' dir='ltr'>biurb.</span> <span class='ocrx_word' id='word_1_288' title='bbox 325 3152 453 3217; x_wconf 85' lang='lat' dir='ltr'>scriptura</span> <span class='ocrx_word' id='word_1_289' title='bbox 470 3143 585 3203; x_wconf 69' lang='lat' dir='ltr'>attttdm</span> <span class='ocrx_word' id='word_1_290' title='bbox 603 3161 685 3205; x_wconf 90' lang='lat' dir='ltr'>ortam</span> <span class='ocrx_word' id='word_1_291' title='bbox 705 3169 766 3204; x_wconf 84' lang='lat' dir='ltr'>essa</span> <span class='ocrx_word' id='word_1_292' title='bbox 784 3152 865 3207; x_wconf 90' lang='lat' dir='ltr'>docet</span> <span class='ocrx_word' id='word_1_293' title='bbox 883 3152 925 3206; x_wconf 85' lang='lat' dir='ltr'>ed.</span> <span class='ocrx_word' id='word_1_294' title='bbox 942 3168 997 3219; x_wconf 89' lang='lat' dir='ltr'>pr.‚</span> <span class='ocrx_word' id='word_1_295' title='bbox 1016 3154 1043 3204; x_wconf 85' lang='lat' dir='ltr'>in</span> <span class='ocrx_word' id='word_1_296' title='bbox 1068 3168 1120 3221; x_wconf 85' lang='lat' dir='ltr'>qua</span> <span class='ocrx_word' id='word_1_297' title='bbox 1142 3152 1241 3220; x_wconf 77' lang='lat' dir='ltr'>legitur</span> 
     </span>
     <span class='ocr_line' id='line_1_33' title="bbox 217 3238 1245 3306; baseline 0.002 -19"><span class='ocrx_word' id='word_1_298' title='bbox 217 3254 260 3305; x_wconf 24' lang='lat' dir='ltr'>&#39;nc</span> <span class='ocrx_word' id='word_1_299' title='bbox 286 3238 402 3291; x_wconf 71' lang='lat' dir='ltr'>atteram.</span> <span class='ocrx_word' id='word_1_300' title='bbox 450 3238 575 3291; x_wconf 78' lang='lat' dir='ltr'>Felicitan</span> <span class='ocrx_word' id='word_1_301' title='bbox 604 3240 684 3306; x_wconf 89' lang='lat' dir='ltr'>igitur</span> <span class='ocrx_word' id='word_1_302' title='bbox 705 3238 876 3290; x_wconf 80' lang='lat' dir='ltr'>ltutmtenius</span> <span class='ocrx_word' id='word_1_303' title='bbox 902 3254 991 3290; x_wconf 87' lang='lat' dir='ltr'>veram</span> <span class='ocrx_word' id='word_1_304' title='bbox 1015 3240 1167 3305; x_wconf 88' lang='lat' dir='ltr'>scripturam</span> <span class='ocrx_word' id='word_1_305' title='bbox 1191 3247 1245 3305; x_wconf 33' lang='lat' dir='ltr'>eat,</span> 
     </span>
     <span class='ocr_line' id='line_1_34' title="bbox 223 3321 1232 3395; baseline 0.001 -22"><span class='ocrx_word' id='word_1_306' title='bbox 223 3323 330 3374; x_wconf 79' lang='lat' dir='ltr'>ditarem</span> <span class='ocrx_word' id='word_1_307' title='bbox 342 3324 446 3375; x_wconf 90' lang='lat' dir='ltr'>Velleio</span> <span class='ocrx_word' id='word_1_308' title='bbox 465 3326 593 3388; x_wconf 89' lang='lat' dir='ltr'>restituit;</span> <span class='ocrx_word' id='word_1_309' title='bbox 614 3324 647 3376; x_wconf 80' lang='lat' dir='ltr'>ci.</span> <span class='ocrx_word' id='word_1_310' title='bbox 665 3323 744 3376; x_wconf 83' lang='lat' dir='ltr'>Kritz.</span> <span class='ocrx_word' id='word_1_311' title='bbox 764 3322 796 3374; x_wconf 88' lang='lat' dir='ltr'>ad</span> <span class='ocrx_word' id='word_1_312' title='bbox 815 3324 872 3395; x_wconf 51' lang='lat'>¹¹2¹-</span> <span class='ocrx_word' id='word_1_313' title='bbox 906 3324 996 3376; x_wconf 79' lang='lat' dir='ltr'>Aurel.</span> <span class='ocrx_word' id='word_1_314' title='bbox 1016 3325 1082 3393; x_wconf 83' lang='lat' dir='ltr'>Vict.</span> <span class='ocrx_word' id='word_1_315' title='bbox 1110 3323 1142 3373; x_wconf 92' lang='lat' dir='ltr'>de</span> <span class='ocrx_word' id='word_1_316' title='bbox 1162 3321 1232 3374; x_wconf 84' lang='lat' dir='ltr'>Cae-</span> 
     </span>
     <span class='ocr_line' id='line_1_35' title="bbox 225 3402 1245 3477; baseline 0 -17"><span class='ocrx_word' id='word_1_317' title='bbox 225 3411 326 3461; x_wconf 85' lang='lat' dir='ltr'>saribus</span> <span class='ocrx_word' id='word_1_318' title='bbox 339 3408 418 3473; x_wconf 80' lang='lat' dir='ltr'>xvii,</span> <span class='ocrx_word' id='word_1_319' title='bbox 431 3411 460 3460; x_wconf 81' lang='lat' dir='ltr'>l:</span> <span class='ocrx_word' id='word_1_320' title='bbox 479 3410 538 3459; x_wconf 85' lang='lat' dir='ltr'>dam</span> <span class='ocrx_word' id='word_1_321' title='bbox 555 3411 677 3460; x_wconf 80' lang='lat' dir='ltr'>incestam</span> <span class='ocrx_word' id='word_1_322' title='bbox 687 3420 793 3461; x_wconf 84' lang='lat' dir='ltr'>mentem</span> <span class='ocrx_word' id='word_1_323' title='bbox 807 3428 964 3477; x_wconf 80' lang='lat' dir='ltr'>pravamque</span> <span class='ocrx_word' id='word_1_324' title='bbox 978 3418 1073 3477; x_wconf 82' lang='lat' dir='ltr'>patant</span> <span class='ocrx_word' id='word_1_325' title='bbox 1090 3407 1192 3473; x_wconf 79' lang='lat' dir='ltr'>syllaba</span> <span class='ocrx_word' id='word_1_326' title='bbox 1208 3402 1245 3460; x_wconf 82' lang='lat' dir='ltr'>re&#39;</span> 
     </span>
     <span class='ocr_line' id='line_1_36' title="bbox 224 3492 1235 3564; baseline 0.001 -20"><span class='ocrx_word' id='word_1_327' title='bbox 224 3502 284 3546; x_wconf 90' lang='lat' dir='ltr'>ante</span> <span class='ocrx_word' id='word_1_328' title='bbox 305 3505 399 3564; x_wconf 83' lang='lat' dir='ltr'>patant</span> <span class='ocrx_word' id='word_1_329' title='bbox 422 3496 529 3548; x_wconf 84' lang='lat' dir='ltr'>excidit.</span> <span class='ocrx_word' id='word_1_330' title='bbox 564 3495 686 3563; x_wconf 88' lang='lat' dir='ltr'>Legerim</span> <span class='ocrx_word' id='word_1_331' title='bbox 705 3496 785 3564; x_wconf 88' lang='lat' dir='ltr'>igitar</span> <span class='ocrx_word' id='word_1_332' title='bbox 809 3513 867 3548; x_wconf 89' lang='lat' dir='ltr'>oum</span> <span class='ocrx_word' id='word_1_333' title='bbox 893 3495 997 3546; x_wconf 87' lang='lat' dir='ltr'>Clossio</span> <span class='ocrx_word' id='word_1_334' title='bbox 1024 3492 1064 3557; x_wconf 85' lang='lat' dir='ltr'>(v.</span> <span class='ocrx_word' id='word_1_335' title='bbox 1083 3495 1235 3545; x_wconf 84' lang='lat' dir='ltr'>versionem</span> 
     </span>
     <span class='ocr_line' id='line_1_37' title="bbox 229 3579 1236 3650; baseline 0.001 -19"><span class='ocrx_word' id='word_1_336' title='bbox 229 3584 404 3648; x_wconf 79' lang='lat' dir='ltr'>germanicam</span> <span class='ocrx_word' id='word_1_337' title='bbox 422 3599 448 3650; x_wconf 88' lang='lat' dir='ltr'>p.</span> <span class='ocrx_word' id='word_1_338' title='bbox 466 3579 531 3645; x_wconf 71' lang='grc'>117)</span> <span class='ocrx_word' id='word_1_339' title='bbox 549 3591 686 3650; x_wconf 69' lang='lat' dir='ltr'>reputant,</span> <span class='ocrx_word' id='word_1_340' title='bbox 706 3598 781 3650; x_wconf 84' lang='lat' dir='ltr'>quam</span> <span class='ocrx_word' id='word_1_341' title='bbox 801 3581 1010 3634; x_wconf 82' lang='lat' dir='ltr'>emendationem</span> <span class='ocrx_word' id='word_1_342' title='bbox 1030 3581 1107 3631; x_wconf 86' lang='lat' dir='ltr'>etiarn</span> <span class='ocrx_word' id='word_1_343' title='bbox 1119 3580 1236 3633; x_wconf 71' lang='lat' dir='ltr'>ldleiuias</span> 
     </span>
     <span class='ocr_line' id='line_1_38' title="bbox 225 3664 1236 3736; baseline 0.008 -21"><span class='ocrx_word' id='word_1_344' title='bbox 225 3666 253 3716; x_wconf 89' lang='lat' dir='ltr'>in</span> <span class='ocrx_word' id='word_1_345' title='bbox 271 3666 369 3719; x_wconf 90' lang='lat' dir='ltr'>diurnis</span> <span class='ocrx_word' id='word_1_346' title='bbox 388 3670 467 3736; x_wconf 79' lang='lat' dir='ltr'>antiq.</span> <span class='ocrx_word' id='word_1_347' title='bbox 486 3669 687 3723; x_wconf 82' lang='lat' dir='ltr'>Zimmermaani</span> <span class='ocrx_word' id='word_1_348' title='bbox 711 3682 735 3721; x_wconf 90' lang='lat' dir='ltr'>a.</span> <span class='ocrx_word' id='word_1_349' title='bbox 754 3665 818 3720; x_wconf 80' lang='lat' dir='ltr'>tart</span> <span class='ocrx_word' id='word_1_350' title='bbox 840 3683 886 3721; x_wconf 82' lang='lat' dir='ltr'>nn.</span> <span class='ocrx_word' id='word_1_351' title='bbox 904 3665 954 3721; x_wconf 75' lang='lat'>157</span> <span class='ocrx_word' id='word_1_352' title='bbox 970 3683 997 3734; x_wconf 82' lang='lat' dir='ltr'>p.</span> <span class='ocrx_word' id='word_1_353' title='bbox 1018 3664 1083 3725; x_wconf 79' lang='lat'><strong>1332</strong></span> <span class='ocrx_word' id='word_1_354' title='bbox 1105 3665 1236 3734; x_wconf 69' lang='lat' dir='ltr'>probarit.</span> 
     </span>
     <span class='ocr_line' id='line_1_39' title="bbox 156 3748 1236 3823; baseline 0.002 -20"><span class='ocrx_word' id='word_1_355' title='bbox 156 3748 219 3815; x_wconf 72' lang='lat'>134)</span> <span class='ocrx_word' id='word_1_356' title='bbox 237 3752 307 3807; x_wconf 83' lang='lat' dir='ltr'>vett.</span> <span class='ocrx_word' id='word_1_357' title='bbox 323 3752 358 3817; x_wconf 88' lang='lat' dir='ltr'>ll,</span> <span class='ocrx_word' id='word_1_358' title='bbox 383 3751 409 3818; x_wconf 86' lang='lat'>9,</span> <span class='ocrx_word' id='word_1_359' title='bbox 428 3751 444 3806; x_wconf 84' lang='grc'>6</span> <span class='ocrx_word' id='word_1_360' title='bbox 461 3756 589 3823; x_wconf 87' lang='lat' dir='ltr'>scriptura</span> <span class='ocrx_word' id='word_1_361' title='bbox 607 3754 649 3805; x_wconf 86' lang='lat' dir='ltr'>ed</span> <span class='ocrx_word' id='word_1_362' title='bbox 667 3770 708 3823; x_wconf 81' lang='lat' dir='ltr'>pr.</span> <span class='ocrx_word' id='word_1_363' title='bbox 726 3762 753 3805; x_wconf 86' lang='lat' dir='ltr'>et</span> <span class='ocrx_word' id='word_1_364' title='bbox 771 3770 861 3822; x_wconf 84' lang='lat' dir='ltr'>apogr.</span> <span class='ocrx_word' id='word_1_365' title='bbox 885 3751 990 3805; x_wconf 82' lang='lat' dir='ltr'>Amerb.</span> <span class='ocrx_word' id='word_1_366' title='bbox 1008 3753 1126 3807; x_wconf 72' lang='lat' dir='ltr'>rensidus</span> <span class='ocrx_word' id='word_1_367' title='bbox 1148 3753 1236 3805; x_wconf 81' lang='lat' dir='ltr'>cele·</span> 
     </span>
     <span class='ocr_line' id='line_1_40' title="bbox 223 3837 1236 3907; baseline -0.001 -18"><span class='ocrx_word' id='word_1_368' title='bbox 223 3839 324 3903; x_wconf 86' lang='lat' dir='ltr'>brem,</span> <span class='ocrx_word' id='word_1_369' title='bbox 348 3855 425 3907; x_wconf 90' lang='lat' dir='ltr'>quam</span> <span class='ocrx_word' id='word_1_370' title='bbox 442 3840 469 3890; x_wconf 89' lang='lat' dir='ltr'>in</span> <span class='ocrx_word' id='word_1_371' title='bbox 487 3841 602 3891; x_wconf 80' lang='lat' dir='ltr'>sensibus</span> <span class='ocrx_word' id='word_1_372' title='bbox 620 3840 737 3890; x_wconf 85' lang='lat' dir='ltr'>crebram</span> <span class='ocrx_word' id='word_1_373' title='bbox 761 3847 837 3891; x_wconf 92' lang='lat' dir='ltr'>acute</span> <span class='ocrx_word' id='word_1_374' title='bbox 857 3839 1005 3890; x_wconf 88' lang='lat' dir='ltr'>emendavit</span> <span class='ocrx_word' id='word_1_375' title='bbox 1024 3837 1154 3905; x_wconf 83' lang='lat' dir='ltr'>Orellius,</span> <span class='ocrx_word' id='word_1_376' title='bbox 1179 3839 1236 3891; x_wconf 89' lang='lat' dir='ltr'>ori-</span> 
     </span>
     <span class='ocr_line' id='line_1_41' title="bbox 227 3920 1232 3993; baseline -0.002 -16"><span class='ocrx_word' id='word_1_377' title='bbox 227 3927 315 3993; x_wconf 90' lang='lat' dir='ltr'>ginem</span> <span class='ocrx_word' id='word_1_378' title='bbox 333 3928 403 3991; x_wconf 89' lang='lat' dir='ltr'>cepit</span> <span class='ocrx_word' id='word_1_379' title='bbox 421 3941 436 3976; x_wconf 88' lang='lat' dir='ltr'>a</span> <span class='ocrx_word' id='word_1_380' title='bbox 455 3926 611 3990; x_wconf 88' lang='lat' dir='ltr'>compendio</span> <span class='ocrx_word' id='word_1_381' title='bbox 631 3920 740 3989; x_wconf 62' lang='lat' dir='ltr'>ebrum,</span> <span class='ocrx_word' id='word_1_382' title='bbox 761 3925 831 3993; x_wconf 91' lang='lat' dir='ltr'>quod</span> <span class='ocrx_word' id='word_1_383' title='bbox 848 3931 876 3973; x_wconf 89' lang='lat' dir='ltr'>nt</span> <span class='ocrx_word' id='word_1_384' title='bbox 893 3923 1014 3975; x_wconf 89' lang='lat' dir='ltr'>librarius</span> <span class='ocrx_word' id='word_1_385' title='bbox 1033 3924 1132 3976; x_wconf 87' lang='lat' dir='ltr'>codicis</span> <span class='ocrx_word' id='word_1_386' title='bbox 1151 3922 1232 3975; x_wconf 89' lang='lat' dir='ltr'>llurb.</span> 
     </span>
     <span class='ocr_line' id='line_1_42' title="bbox 221 4009 1235 4078; baseline -0.005 -15"><span class='ocrx_word' id='word_1_387' title='bbox 221 4012 289 4063; x_wconf 90' lang='lat' dir='ltr'>male</span> <span class='ocrx_word' id='word_1_388' title='bbox 307 4013 537 4078; x_wconf 87' lang='lat' dir='ltr'>interpretaretur,</span> <span class='ocrx_word' id='word_1_389' title='bbox 557 4027 589 4062; x_wconf 92' lang='lat' dir='ltr'>eo</span> <span class='ocrx_word' id='word_1_390' title='bbox 614 4010 717 4062; x_wconf 81' lang='lat' dir='ltr'>facilius</span> <span class='ocrx_word' id='word_1_391' title='bbox 736 4011 793 4062; x_wconf 85' lang='lat' dir='ltr'>ticri</span> <span class='ocrx_word' id='word_1_392' title='bbox 810 4011 909 4076; x_wconf 89' lang='lat' dir='ltr'>potuit,</span> <span class='ocrx_word' id='word_1_393' title='bbox 929 4026 980 4077; x_wconf 91' lang='lat' dir='ltr'>quo</span> <span class='ocrx_word' id='word_1_394' title='bbox 998 4013 1105 4078; x_wconf 92' lang='lat' dir='ltr'>propius</span> <span class='ocrx_word' id='word_1_395' title='bbox 1124 4009 1235 4074; x_wconf 86' lang='lat' dir='ltr'>adjecti-</span> 
     </span>
     <span class='ocr_line' id='line_1_43' title="bbox 222 4092 1235 4160; baseline -0.003 -13"><span class='ocrx_word' id='word_1_396' title='bbox 222 4111 283 4148; x_wconf 81' lang='lat' dir='ltr'>rnm</span> <span class='ocrx_word' id='word_1_397' title='bbox 301 4097 397 4149; x_wconf 83' lang='lat' dir='ltr'>celebre</span> <span class='ocrx_word' id='word_1_398' title='bbox 415 4097 548 4149; x_wconf 86' lang='lat' dir='ltr'>antecedit</span> <span class='ocrx_word' id='word_1_399' title='bbox 565 4094 614 4160; x_wconf 85' lang='lat' dir='ltr'><strong>‘(v.</strong></span> <span class='ocrx_word' id='word_1_400' title='bbox 632 4096 661 4158; x_wconf 67' lang='lat'>5.</span> <span class='ocrx_word' id='word_1_401' title='bbox 677 4092 720 4160; x_wconf 78' lang='grc'>4).</span> <span class='ocrx_word' id='word_1_402' title='bbox 758 4094 879 4148; x_wconf 78' lang='lat' dir='ltr'>ceterum</span> <span class='ocrx_word' id='word_1_403' title='bbox 902 4095 935 4146; x_wconf 88' lang='lat' dir='ltr'>de</span> <span class='ocrx_word' id='word_1_404' title='bbox 960 4094 1096 4151; x_wconf 86' lang='lat' dir='ltr'>locutione</span> <span class='ocrx_word' id='word_1_405' title='bbox 1119 4093 1235 4149; x_wconf 68' lang='lat' dir='ltr'>earam</span> 
     </span>
     <span class='ocr_line' id='line_1_44' title="bbox 221 4179 1232 4246; baseline 0 -15"><span class='ocrx_word' id='word_1_406' title='bbox 221 4182 338 4235; x_wconf 79' lang='lat' dir='ltr'>crebrum</span> <span class='ocrx_word' id='word_1_407' title='bbox 353 4200 422 4236; x_wconf 58' lang='lat' dir='ltr'>esse*</span> <span class='ocrx_word' id='word_1_408' title='bbox 440 4183 487 4238; x_wconf 80' lang='lat' dir='ltr'>alr.</span> <span class='ocrx_word' id='word_1_409' title='bbox 504 4181 585 4238; x_wconf 76' lang='lat' dir='ltr'>Kritz.</span> <span class='ocrx_word' id='word_1_410' title='bbox 608 4181 642 4234; x_wconf 72' lang='lat' dir='ltr'>ad</span> <span class='ocrx_word' id='word_1_411' title='bbox 658 4181 685 4234; x_wconf 75' lang='lat' dir='ltr'>h.</span> <span class='ocrx_word' id='word_1_412' title='bbox 702 4181 722 4236; x_wconf 88' lang='lat' dir='ltr'>l.</span> <span class='ocrx_word' id='word_1_413' title='bbox 754 4180 795 4234; x_wconf 83' lang='lat' dir='ltr'>tta</span> <span class='ocrx_word' id='word_1_414' title='bbox 819 4188 848 4235; x_wconf 81' lang='lat' dir='ltr'>et</span> <span class='ocrx_word' id='word_1_415' title='bbox 868 4180 965 4235; x_wconf 75' lang='lat' dir='ltr'>facttum</span> <span class='ocrx_word' id='word_1_416' title='bbox 986 4189 1043 4246; x_wconf 85' lang='lat' dir='ltr'>est,</span> <span class='ocrx_word' id='word_1_417' title='bbox 1068 4188 1096 4233; x_wconf 81' lang='lat' dir='ltr'>ni</span> <span class='ocrx_word' id='word_1_418' title='bbox 1112 4179 1183 4241; x_wconf 72' lang='lat' dir='ltr'>Yell.</span> <span class='ocrx_word' id='word_1_419' title='bbox 1201 4180 1232 4246; x_wconf 88' lang='lat' dir='ltr'>tl,</span> 
     </span>
    </p>
   </div>
   <div class='ocr_carea' id='block_1_5' title="bbox 0 0 1472 4775">
    <p class='ocr_par' dir='ltr' id='par_1_6' title="bbox 0 0 1472 4775">
     <span class='ocr_line' id='line_1_45' title="bbox 0 0 1472 4775; baseline 0 5"><span class='ocrx_word' id='word_1_420' title='bbox 0 0 1472 4775; x_wconf 95' lang='lat' dir='ltr'> </span> 
     </span>
    </p>
   </div>
  </div>
 </body>
</html>
