2934 4775
1396 262 1696 351 Aa„

443 454 535 513 bet
594 463 654 513 et
702 459 786 513 sie
843 458 1284 516 continuationem
1323 457 1423 514 ubi
1467 458 1812 515 inserendam·
1838 469 2109 514 censeam.
2198 456 2252 512 1⁸
2302 454 2443 512 enim
2491 462 2654 526 post-

442 576 599 630 quam
650 561 1149 632 interpretationem
1207 560 1500 617 verborum
1556 563 1643 617 sic
1685 560 1886 618 melius
1953 560 2254 625 audituros
2322 574 2657 629 responsum

439 678 469 717 a
514 662 803 719 Walthero
851 664 1260 734 excogitatam,
1318 680 1349 718 a
1393 662 1600 719 Bachio
1647 668 1703 719 et
1746 661 2082 717 Doederlino
2127 660 2409 732 probatam
2452 662 2643 717 merita

436 764 597 821 laude
641 764 852 835 affecit,
898 766 970 820 ita
1002 765 1212 836 pergit:
1264 764 1375 820 „At
1417 766 1675 822 Waltber
1719 765 2025 821 incuriosus
2069 764 2169 818 fuit
2211 763 2490 819 iuncturae
2532 764 2653 820 sin-

437 866 687 936 gulorum
732 868 1141 923 enuntiatorum.
1231 866 1354 923 Non
1413 868 1615 940 liquet,
1662 884 1693 923 a
1747 883 1853 939 quo
1901 867 2070 922 verbo
2131 866 2419 921 infinitivus
2456 882 2647 940 proe-

433 968 580 1040 ferri
639 969 908 1041 pendeat,
967 969 1185 1025 insertis
1253 970 1436 1026 verbis
1514 972 1597 1027 sic
1652 970 1853 1028 melius
1926 970 2224 1025 audituros
2300 985 2646 1041 responsum.

439 1071 686 1128 Tacitum
741 1072 852 1127 boc
905 1072 1071 1128 modo
1132 1073 1455 1143 scripturum
1513 1073 1716 1143 fuisse,
1776 1079 1833 1128 ut
1892 1073 2061 1142 quasi.
2106 1071 2344 1128 celerem
2406 1078 2645 1132 actarum

431 1190 610 1230 rerum
639 1175 1089 1231 consecutionem
1131 1176 1412 1246 innueret,
1459 1175 1711 1245 equidem
1741 1174 2148 1230 dubitaverim«-
2195 1174 2267 1228 Et
2302 1190 2436 1229 sane
2480 1173 2643 1229 verba

429 1276 522 1331 itta
579 1277 842 1333 orationis
917 1293 1131 1332 cursum
1188 1279 1435 1347 turbant,
1514 1276 1721 1332 etiamsi
1788 1276 2138 1348 parenthesin
2208 1276 2351 1332 effici
2409 1282 2625 1332 statuas.

431 1377 635 1435 Contra
681 1380 856 1435 omnia
903 1382 1105 1451 optime
1149 1397 1212 1435 se
1255 1379 1489 1448 habent,
1535 1379 1581 1435 si
1639 1379 1813 1450 legis:
1859 1379 2238 1435 Adsistentem
2283 1381 2631 1449 concionem,

429 1484 563 1555 quia
599 1485 892 1556 permixta
934 1481 1266 1552 videbatur,
1328 1479 1621 1540 discedere
1664 1484 1726 1537 in
1767 1469 2088 1553 manipulos
2130 1480 2330 1563 jubet:
2392 1479 2517 1538 ubi
2556 1486 2640 1539 sic

424 1587 625 1642 melius
671 1586 972 1643 audituros
1016 1601 1378 1656 responsum,
1423 1586 1640 1642 vexilla
1675 1585 1998 1659 praeferri,
2043 1591 2105 1639 ut
2148 1586 2208 1641 id
2263 1586 2467 1641 saltem
2510 1586 2645 1640 dis-.

423 1696 685 1745 cerneret
728 1687 1004 1744 cohortes.
1102 1688 1281 1743 Tarde
1311 1685 1787 1759 obtemperavere.
1878 1687 2129 1743 Ceterum
2182 1688 2493 1743 coniunctio
2537 1687 2635 1743 ubi

422 1796 553 1862 post
597 1791 820 1846 verbum
862 1788 1017 1846 iubet
1061 1789 1224 1846 facile
1266 1790 1443 1862 potuit
1486 1790 1788 1846 absorberi.
2123 1786 2128 1798 '

627 1894 837 1950 Maiore
882 1894 1040 1950 etiam
1070 1894 1190 1949 iure
1232 1892 1301 1948 A.
1346 1891 1403 1963 1,
1452 1886 1549 1947 69.
1599 1901 1905 1964 corruptam
1937 1889 2146 1949 codicis
2187 1893 2479 1948 lectionem
2522 1910 2629 1948 nec

424 1999 700 2055 adversus
745 2006 1015 2055 externos
1057 1998 1374 2052 militum
1422 1998 1627 2072 quaeri
1671 1997 1743 2051 ita
1803 1997 2093 2051 emendare
2153 1995 2335 2050 maluit
2379 1995 2633 2051 Doeder-

419 2099 590 2170 linus‚
637 2107 695 2157 ut
735 2103 931 2158 studia
973 2106 1109 2172 post
1147 2100 1386 2155 militum
1415 2099 1713 2168 insereret,
1761 2115 1914 2169 quam
1958 2100 2233 2170 vulgatam
2262 2099 2492 2155 melitem
2533 2116 2628 2153 re-

416 2202 609 2261 tinere.
714 2201 849 2271 Quis
895 2202 1035 2258 enim
1097 2207 1213 2272 est,
1262 2202 1386 2271 quin
1429 2208 1653 2270 cernat,
1699 2202 1750 2256 ei
1794 2202 2133 2273 sententiae,
2179 2216 2335 2273 quam
2380 2203 2632 2258 condicio

419 2319 486 2359 ac
532 2304 672 2359 ratio
716 2304 830 2360 loci
854 2305 1067 2375 poscit,
1116 2304 1283 2360 verba
1329 2304 1561 2358 nvifitem
1593 2304 1795 2375 quaeri
1819 2319 2006 2373 parum
2032 2319 2159 2358 esse
2204 2303 2373 2375 apta?
2459 2305 2633 2376 Equi-

420 2407 541 2462 dem
588 2414 766 2463 tamen
794 2409 990 2463 studia
1014 2407 1288 2465 vocabulo
1336 2409 1575 2463 militum
1620 2413 1845 2463 extrito
1891 2409 2179 2464 verborum
2227 2409 2419 2464 ordine
2464 2417 2629 2480 post-

413 2509 727 2580 posuerim,
790 2511 1004 2568 collatis
1068 2510 1222 2567 hisce
1265 2511 1438 2569 locis:
1503 2510 1569 2567 A.
1615 2510 1692 2581 11,
1742 2511 1800 2564 5.
1846 2512 2038 2566 studia
2094 2513 2351 2582 militum,
2415 2511 2477 2566 A.
2539 2512 2629 2581 111,

422 2609 517 2668 12.
575 2615 770 2671 studia
828 2615 1098 2685 militum3
1145 2615 1208 2670 H.
1255 2616 1315 2686 1,
1379 2615 1477 2672 23.
1514 2616 1710 2671 studia
1753 2616 2022 2684 militum,-
2070 2631 2119 2670 c.
2171 2613 2270 2673 64.
2299 2616 2491 2673 studia
2520 2617 2630 2669 mi-

415 2717 610 2785 litatum
654 2716 719 2772 Η.
763 2717 871 2787 111,
932 2717 1034 2773 80.
1087 2719 1280 2774 studia
1305 2721 1564 2793 .popwli,·
1614 2735 1660 2773 c.
1706 2717 1807 2772 86.
1844 2718 2035 2772 studia
2077 2719 2383 2776 exercitus.
2439 2718 2629 2788 Neque

417 2819 559 2873 enim
604 2819 711 2875 duo
755 2819 848 2875 illa
891 2821 1058 2875 verba
1117 2826 1224 2875 tam
1269 2829 1422 2878 arcto
1466 2822 1689 2876 vinculo
1736 2819 1878 2873 inter
1920 2834 1985 2874 se
2029 2819 2319 2874 coniuncta
2364 2828 2520 2891 sunt,
2563 2827 2621 2875 ut

419 2923 472 2978 in
517 2923 672 2977 unius
717 2922 955 2998 notionis
1002 2925 1156 2995 quasi
1216 2941 1417 2996 corpus
1463 2923 1690 2980 confusa
1751 2921 1885 2992 sint,
1948 2929 2125 2991 neque
2185 2928 2270 2977 est
2317 2924 2464 2994 quod
2506 2940 2616 2979 vox

415 3024 653 3080 militum
685 3041 804 3079 cum
830 3027 1125 3099 praecipua
1153 3027 1206 3082 vi
1250 3027 1537 3095 efferatur,
1582 3024 1871 3101 siquidem
1915 3023 2183 3080 milites
2229 3026 2345 3081 aliis
2393 3026 2617 3097 quibus-

420 3127 540 3181 dam
582 3143 692 3185 non
722 3136 1098 3201 opponuntur:
1144 3130 1302 3185 immo
1347 3129 1394 3184 si
1441 3144 1543 3198 qua
1572 3127 1655 3187 vis
1702 3129 1965 3189 orationis
2003 3128 2253 3197 ,alterutri
2278 3129 2405 3185 voci
2428 3129 2604 3198 .inest,

415 3246 481 3286 ea
509 3230 564 3285 iu
607 3231 880 3290 studiis
919 3233 1214 3306 praecipue
1237 3231 1417 3302 posita
1449 3236 1550 3286 est.
1639 3231 1752 3288 Sed
1794 3232 2071 3290 mitto-has
2116 3230 2396 3302 minutias,
2437 3247 2511 3287 ne
2537 3231 2623 3288 cui

414 3333 741 3404 syllabarum
784 3336 1068 3406 aucupium
1112 3334 1299 3389 facere
1341 3333 1545 3389 videar.

619 3437 758 3493 Dein
819 3436 925 3492 huc
958 3435 1270 3490 referenda
1331 3443 1414 3491 est
1477 3434 1727 3532 palmaris
1784 3435 2228 3531 Bezzenbergeri
2290 3438 2619 3508 emendatio,

423 3541 510 3610 qui
555 3542 588 3596 l.
637 3536 673 3595 l.
717 3557 770 3612 p.
819 3538 917 3594 26.
977 3537 1043 3593 Α.
1089 3537 1194 3609 xl,
1243 3538 1297 3594 6.
1344 3555 1378 3596 e
1431 3541 1698 3613 scriptura
1755 3542 1880 3600 cod.
1926 3543 2026 3600 Ma.
2085 3546 2384 3625 nepotiant
2439 3541 2622 3599 elicuit

588 3803 852 3851 Dronkius
893 3803 941 3851 ιιι
981 3807 1174 3867 optima
1219 3805 1453 3858 editione
1489 3806 1776 3884 Agricolae
1824 3807 2058 3860 secunda
2094 3817 2276 3863 contra
2312 3810 2433 3862 illos
2470 3811 2615 3862 viros

592 3887 776 3937 duetus
818 3891 1160 3955 ili5putnr1mt.
1230 3891 1310 3942 En
1357 3891 1771 3945 luculentissima
1816 3893 1979 3949 habes
2018 3896 2283 3964 exempla,
2322 3913 2387 3948 ex
2425 3895 2612 3965 quibus

588 3975 869 4040 intellig55,
909 3979 957 4028 ιιι
989 3993 1182 4044 gomma
1217 3979 1482 4042 vitiorum,
1521 3978 1705 4047 quibus
1752 3983 1975 4046 optimus
2015 3984 2264 4052 quisque.
2291 3982 2412 4035 cod.
2446 3983 2606 4033 Mstus

438 4133 443 4141 ἡ
473 4130 477 4139 ῃ
510 4120 552 4145 ι.
588 4060 828 4112 foedatus
869 4064 961 4128 ιιιῃ
1005 4084 1105 4116 unu
1133 4065 1245 4115 sine
1283 4064 1461 4132 aliqua
1492 4081 1587 4132 spe
1611 4065 1809 4118 fructus
1846 4068 1898 4138 in
1922 4067 2205 4151 scriptores
2242 4068 2364 4122 inde
2390 4067 2612 4120 redituri

451 4206 457 4213 ,
492 4213 498 4221 η
527 4204 533 4213 ,
554 4148 796 4221 inquiri
