2934 4775
677 270 716 325 ὃὸ

629 350 777 363 ..ιιι-

150 469 244 543 posito
266 467 330 525 colo
353 474 420 540 post
440 469 537 525 uticem
560 468 657 537 ardor,
681 467 750 522 mele
772 482 906 539 recepere
925 462 988 531 ²⁴).
1031 468 1098 525 Nim
1120 473 1247 539 praeter,-

152 587 230 645 quam
250 571 325 644 quod
349 572 446 628 flumen
469 571 602 627 orationis
629 571 681 626 bac
710 571 885 628 distinctione
910 589 998 645 prave
1026 571 1189 643 abrumpitur
1219 576 1249 626 et
1297 577 1300 581 '

152 689 217 731 usus
239 675 367 747 adjectivi
387 678 480 748 impar
509 675 626 729 dativum
662 674 735 746 apud
764 675 885 730 Taciturn
914 675 1114 745 quodammodo
1149 672 1251 745 poscit,

151 778 263 834 Tacitus
288 781 379 849 potius
413 779 440 833 in
469 778 540 832 buno
569 776 677 832 modum
704 778 787 833 verba
817 776 1002 832 collocasset:
1024 778 1112 849 cuiue
1134 777 1252 832 ardor

152 883 289 937 nimius
312 875 492 947 (sesemet).
536 880 578 934 De
607 886 741 934 structura
767 880 846 934 vocis
876 880 969 952 irnpcr
1001 880 1036 941 ci
1058 879 1093 935 Α.
1115 880 1169 950 Vl,
1200 876 1251 933 32.

65 997 69 1007 “
146 981 384 1055 patriismoridus
396 984 497 1053 impar.
519 981 553 1036 m·
566 980 626 1051 ΙΙΙΙ,
641 979 691 1036 dd.
714 982 936 1037 odiirnuucrcue
948 983 1049 1054 impar.
1072 984 1104 1037 Α.
1113 982 1186 1051 ΙΙΙΙΙ,
1201 979 1251 1037 54.

112 1144 115 1148 ἴ
152 1085 300 1141 levissimis
323 1101 433 1158 quoque
457 1084 536 1140 cuais
554 1085 665 1156 cuper..
677 1083 711 1138 Α
724 1085 785 1154 XV,
801 1084 851 1139 57.
872 1082 1009 1140 muliebre
1031 1100 1137 1156 corpus
1157 1086 1252 1156 imper

152 1189 254 1245 dolori.
297 1189 328 1243 ΙΙ.
350 1189 379 1258 1,
404 1190 453 1243 ⁷5.
475 1186 549 1243 dello
568 1189 702 1260 imperes.
732 1186 764 1241 ΙΙ.
778 1185 827 1256 ΙΙ,
851 1186 901 1242 59.
922 1188 1014 1259 imper
1036 1188 1114 1242 caric
1134 1188 1253 1258 precio·

151 1290 238 1347 ribus.
282 1289 313 1346 tt.
335 1292 382 1361 lV,
402 1290 427 1347 1.
450 1290 651 1363 reciperandae
672 1290 965 1362 uicturiueimpurea.
1000 1287 1088 1345 Germ.
1104 1287 1154 1344 31.
1182 1293 1253 1345 extr.

153 1403 216 1450 tum'
233 1395 324 1451 damae
335 1396 435 1450 uirtuti
448 1396 595 1467 impurae·
626 1392 753 1456 Getarum
773 1400 839 1464 post
853 1393 1010 1464 absorptam
1024 1408 1096 1448 voce
1116 1394 1252 1464 imparem

151 1496 268 1551 ultimam
289 1498 416 1554 vocabuli
438 1499 540 1553 ardori
558 1498 662 1552 literam
693 1496 781 1551 iorma
804 1495 932 1567 adjectivi
954 1496 1061 1552 matius
1082 1495 1248 1551 nominativo

152 1600 312 1657 substantivi
340 1602 431 1657 order
461 1600 626 1657 eoiasilius
648 1599 942 1668 accommodatarum
965 1607 1019 1668 quo
1044 1597 1252 1654 'terminationes

153 1717 188 1758 ca
210 1711 240 1759 et
261 1720 278 1759 o
301 1704 337 1759 ob
360 1702 550 1775 compendium
574 1720 588 1754 r
613 1701 633 1758 i.
655 1717 679 1758 e.
701 1718 736 1757 ua
756 1701 785 1756 iu
813 1700 895 1757 codd.
925 1700 1055 1757 biedieeis
1083 1698 1251 1771 frequentius

151 1812 319 1876 permutatae
339 1813 409 1861 aunt.
452 1805 495 1860 De
518 1820 569 1875 qua
592 1804 756 1860 confusione
778 1804 852 1860 coni.
875 1820 945 1874 quae
966 1795 1035 1858 inira
1056 1803 1182 1874 reserem,
1205 1802 1251 1859 ubi

152 1905 187 1961 de
208 1908 291 1961 tertio
308 1905 414 1962 decimo
436 1906 564 1961 vitiorum
585 1919 689 1975 genere
712 1921 800 1975 agam.
833 1930 864 1941 ’-
899 1904 931 1959 ll.
952 1904 1005 1975 ΙΙΙ,
1027 1904 1078 1960 86.
1106 1906 1251 1978 praecipit

153 2008 185 2063 in
206 2024 340 2064 occasum
359 2009 407 2064 die
428 2025 480 2080 pro
499 2008 654 2080 praecipiti
676 2008 704 2062 in
727 2023 753 2064 ο.
776 2007 802 2062 d.
837 2006 867 2063 tt.
891 2007 939 2078 ΙΙΙ,
962 2007 1011 2063 58.
1034 2006 1176 2064 eliciendo
1193 2024 1249 2078 pro

150 2107 311 2168 alliciendo.
354 2109 386 2165 G.
407 2110 460 2165 68,
484 2110 562 2166 lulio
584 2126 636 2181 pro
662 2109 762 2166 Tullio.

253 2209 331 2281 Quae
352 2219 394 2269 tot
416 2212 541 2284 exempla
563 2213 588 2269 si
608 2212 795 2284 reputavere,
819 2210 851 2267 rb
865 2211 906 2282 tt,
930 2210 980 2290 80,
1003 2211 1161 2268 electione
1184 2212 1246 2269 cod

149 2315 183 2370 ΙΙ.
205 2317 324 2374 aretela
349 2317 463 2389 quidem
490 2317 545 2371 nisi
572 2317 699 2387 uprestic
728 2322 793 2370 out
821 2312 945 2371 subitum
973 2327 1055 2370 caum
1079 2323 1248 2389 properata,

150 2434 227 2490 qnam
248 2418 401 2475 Beroaldus
428 2424 591 2475 correxerat
617 2419 645 2474 iu
672 2412 743 2473 banc
769 2419 907 2488 vulgatum
928 2437 956 2474 o.
981 2427 998 2474 t.
1022 2437 1047 2491 p.
1069 2436 1097 2475 n.
1120 2421 1247 2490 eprestic

149 2522 195 2575 ad
215 2519 339 2576 subitum
359 2539 388 2577 u.
407 2538 453 2593 p.‚
476 2521 658 2579 Doederlinus
680 2526 758 2574 reete
788 2520 916 2575 elicuisse
943 2521 994 2576 tibi
1012 2521 1146 2577 videbitur
1172 2539 1201 2577 n.
1224 2530 1244 2578 t.

149 2640 174 2695 q.
202 2641 229 2678 n.
260 2639 286 2677 a.
321 2632 385 2678 aut
412 2621 532 2678 ambitum
562 2623 589 2676 in
624 2638 706 2677 urum
731 2640 779 2694 p.‚
815 2629 844 2676 nt
879 2622 992 2693 dupleu
1009 2622 1125 2678 telorum
1154 2638 1245 2692 genus

151 2732 323 2783 memoretur.
367 2725 461 2781 Addua
482 2726 562 2781 etiam
584 2726 648 2780 aiibi
664 2725 895 2797 praepositionem
906 2726 939 2780 ist
952 2724 1023 2780 male
1038 2726 1247 2782 omissemease.

151 2827 191 2882 ct.
213 2830 324 2899 praeter
346 2829 498 2900 exemplum
525 2845 561 2885 en
583 2830 616 2884 A.
638 2829 694 2899 ΙΙΙ,
717 2828 767 2883 3t.
796 2844 877 2899 supra
907 2827 1015 2882 allatum
1041 2826 1075 2882 A.
1097 2827 1162 2898 ΙΙΙΙ,
1187 2826 1247 2898 25.,

145 2932 193 2987 ulti
214 2932 276 2987 cod.
290 2933 340 2987 bia.
362 2933 478 3003 praebet
503 2931 601 2988 trudito
623 2933 700 3005 opud
719 2939 851 2988 canotum
873 2932 1004 2986 oratione
1018 2930 1139 2987 eundem
1163 2947 1245 3003 quem

149 3052 178 3090 u·
191 3033 291 3091 liberto
314 3042 468 3108 ucocpcrut
488 3036 602 3090 modom
621 3051 673 3106 pro
685 3034 711 3090 t.
725 3051 753 3090 a.
775 3052 797 3090 a.
811 3051 837 3089 c.
859 3036 898 3088 iu
919 3034 1039 3089 eundem
1052 3041 1105 3090 etc.
1119 3059 1159 3069 —
1173 3032 1248 3091 ldem

148 3134 341 3193 Doederliuam
354 3137 386 3193 Α.
408 3136 474 3207 bill,
498 3136 546 3192 tt.
569 3137 625 3192 inii
647 3154 698 3208 pro
720 3138 832 3209 vulgata
857 3138 955 3207 lyncei
976 3138 1062 3193 animi
1083 3145 1111 3193 et
1133 3137 1245 3194 deridi-

149 3242 214 3296 culo
244 3241 483 3313 coepertrjuma
499 3241 722 3313 ulctplcieaaduu.
737 3242 833 3311 argute
848 3240 983 3311 =oonjeeit
1014 3239 1160 3310 legendum
1181 3255 1246 3294 esse

146 3346 259 3413 lymmata
275 3345 376 3398 enimi
392 3351 465 3414 uturp
489 3344 553 3414 quia
574 3360 704 3414 ¹serpueoa
718 3343 967 3414 particulaductu
990 3342 1068 3399 illam
1094 3346 1246 3398 structurae

148 3444 479 3516 auretiomnuaumavis·
502 3447 645 3517 comoedi
675 3446 772 3501 'lardo
807 3446 1013 3517 frequentatam·
1032 3449 1150 3515 respuat.
1202 3443 1245 3500 Gi.

150 3545 181 3600 Α.
203 3545 257 3615 tv,
281 3546 592 3620 tuvubnnmjmum,
623 3550 671 3621 qui
699 3554 776 3606 neoc
790 3554 793 3559 ⁴
799 3550 970 3621 potientium
985 3547 1072 3602 'aenis
1094 3553 1124 3602 ct
1143 3549 1244 3618 sepui-

152 3656 401 3672 *ομ-ΜΝ...

152 3738 212 3804 ,24)
230 3738 355 3792 Probavit
373 3749 399 3792 ct
415 3741 531 3795 lacobus
555 3744 572 3795 1.
591 3744 608 3795 Ι.
627 3742 658 3801 ΙΙ.
674 3760 700 3809 ρ,
721 3740 777 3807 18.,
802 3745 924 3812 quoniam
948 3744 1033 3796 incisa
1051 3744 1136 3796 oratio
1162 3744 1244 3810 trepi-

232 3826 291 3876 dum
318 3834 344 3877 et
370 3827 503 3895 singultim
532 3845 616 3894 pauca
634 3829 749 3880 locutum
773 3832 851 3882 unice
877 3829 979 3883 deceat.
1015 3831 1048 3882 At
1067 3827 1171 3880 Tacitus
1195 3829 1243 3879 Vi·

233 3911 335 3963 tellium
353 3928 406 3963 non
426 3929 458 3964 eo
472 3920 573 3964 terrore
591 3915 741 3981 perculsum
761 3916 917 3982 descripsit,
937 3933 989 3984 quo
999 3915 1113 3967 lacobus
1131 3930 1240 3980 segnem

231 3998 349 4067 alioquin
368 4006 395 4050 et
421 3998 552 4066 torpidum
577 4001 687 4051 animum
706 3999 763 4065 ejus
782 4002 919 4068 impulsum
936 4002 986 4051 sibi
1004 4001 1104 4068 fingere
1128 3999 1241 4061 videtur,

230 4091 259 4133 ut
276 4092 369 4136 auctor
390 4084 472 4150 ipsius
494 4072 584 4137 verba¹
603 4084 636 4136 ed
653 4088 794 4154 burginetn
818 4088 890 4138 vitae
914 4088 950 4136 ita
969 4085 1101 4152 descripta
1119 4085 1241 4147 reterret,

229 4175 257 4218 ut
274 4171 357 4221 oratio
377 4167 496 4222 Tacitina
522 4184 639 4223 summae
654 4169 861 4239 perturbationis
879 4177 955 4223 notas
972 4187 1037 4240 prae
1054 4186 1084 4223 ae
1100 4169 1191 4225 ferret.

993 4248 1037 4304 3}
