2934 4775
624 256 777 349 *Sl—-

155 466 190 514 et
212 458 605 530 antiquissinomonnmento
620 455 798 527 mancipata
820 469 863 509 ea
885 469 913 510 a.
936 469 971 509 ns.
997 445 1079 518 ⁴⁸⁸).
1123 450 1157 508 A.
1178 448 1253 521 xvt,

158 559 205 616 il.
227 561 346 617 Pichena
367 576 418 632 pro
440 560 551 631 vulgata
572 556 694 614 lectione
714 558 827 629 &pum
849 565 968 614 cotem
988 556 1147 628 Crispinum
1168 553 1254 611 edidit

156 659 269 735 lienem
290 672 411 719 tomen
432 663 607 735 crispinum
635 667 666 716 ut
686 661 738 730 ait,
769 659 832 714 cod.
859 658 1017 715 Florentino
1046 660 1173 728 volente,
1195 657 1254 714 lac.

156 765 312 824 Gronovius
324 782 428 823 rursum
451 755 497 821 oa's
519 765 538 819 i.
551 780 577 819 e.
600 771 718 822 entem
740 763 777 817 iisi
791 763 850 832 legi
872 762 982 833 docuit,
1006 762 1122 833 denque
1136 760 1255 831 Beliker,

156 868 288 924 incertum
311 883 344 924 an
367 883 384 924 e
405 875 470 923 nota
493 865 600 936 Furiae,
623 866 748 937 scripsit:
771 864 1005 938 ambiguusMa„
1035 873 1130 921 utram
1151 861 1256 919 lateat

152 972 339 1042 posticariam.
382 971 426 1025 Ex
455 985 491 1026 eo
521 967 696 1039 intelligitur,
726 968 755 1023 in
777 968 828 1023 lla.
857 967 948 1024 literas
975 966 1035 1023 illas
1065 967 1101 1022 ita
1128 971 1255 1022 exaratas

158 1088 240 1141 esse,
264 1080 293 1128 at
322 1073 430 1128 dubium
459 1072 510 1143 sit,
538 1077 624 1126 ulrum
647 1061 698 1141 tn,
720 1086 755 1126 an
777 1061 824 1124 co
845 1070 880 1126 sit
900 1070 1056 1140 legendum.
1099 1068 1156 1125 Sed
1178 1083 1257 1138 worn

158 1174 257 1246 reliqui
279 1174 361 1231 codd.
385 1181 413 1230 et
435 1173 497 1230 edd.
519 1180 586 1231 vett.
608 1181 704 1229 ostem
726 1178 755 1228 et
783 1179 834 1228 ont
854 1173 1018 1244 praebeant,
1040 1172 1150 1242 vulgata
1171 1169 1256 1227 lectio

156 1292 222 1333 vena
245 1291 312 1332 esse
331 1276 394 1330 milri
407 1276 521 1332 videaur.
565 1274 700 1346 Accedit,
724 1275 798 1345 qnod
820 1281 891 1330 leste
905 1274 964 1331 iac.
981 1274 1122 1332 Gronovio
1144 1274 1171 1329 in
1193 1273 1257 1329 eod.

157 1379 209 1434 lla.
231 1378 363 1449 particula
386 1388 482 1435 tomen
502 1378 576 1435 solet
597 1377 686 1434 notari
708 1378 872 1449 compendio
895 1356 985 1449 ianr,
1008 1377 1085 1447 cajus
1106 1377 1259 1448 exemplum

158 1480 268 1536 affertur
290 1497 306 1537 e
329 1497 388 1553 cap.
410 1497 485 1552 seps:
529 1482 692 1537 Proconsuli
712 1473 783 1536 tatis
804 1481 962 1554 Bitlepnine.
1011 1457 1105 1534 Addua
1127 1494 1145 1534 e
1165 1479 1260 1551 speei-

159 1583 231 1638 mine
253 1582 319 1638 initii
341 1583 402 1639 libri
424 1583 458 1639 ll.
481 1582 740 1654 metamorphoseon
761 1581 871 1654 Apulsji
893 1584 927 1638 ab
950 1582 1049 1638 eodem
1071 1581 1182 1638 librario
1205 1597 1258 1638 eo-

158 1684 228 1741 dicis
250 1685 302 1739 tta.
324 1685 472 1756 descripti,
496 1685 570 1756 qnod
597 1691 725 1741 auctores
756 1685 849 1756 operis
879 1684 1044 1757 diplomatici
1074 1684 1157 1741 modo
1180 1683 1255 1740 allati

159 1789 236 1843 Toni.
258 1786 304 1842 lli.
332 1788 386 1841 tab.
415 1786 466 1841 llil.
488 1781 572 1852 [coll.
601 1803 628 1858 p.
652 1786 722 1843 278.
751 1782 809 1858 sq.)
832 1786 989 1858 ediderunt,
1012 1787 1082 1843 ltaec
1102 1785 1201 1843 verba:
1224 1805 1260 1844 nc

159 1875 225 1945 torn
250 1889 332 1944 miles
358 1889 410 1944 iile
431 1903 491 1959 sqq.
535 1888 580 1943 on
602 1903 660 1943 anni
678 1888 815 1943 literarum
837 1905 857 1942 o
879 1896 908 1943 at
929 1897 940 1943 t
961 1889 1158 1945 similitudinem
1180 1891 1260 1946 enain

160 1989 192 2046 ll.
215 1990 256 2059 11,
280 1988 330 2046 20.
350 1988 410 2045 Jae.
435 1988 589 2046 Gronovius
617 1996 645 2045 at
666 1989 805 2046 Victorias
826 2006 948 2045 neonem
969 1979 1013 2046 oa's
1034 1987 1068 2056 [i.
1095 2007 1120 2047 a.
1149 1988 1261 2059 cutem]

160 2093 222 2163 cias
243 2091 427 2162 Saloninam,
450 2091 530 2146 Frrria
550 2107 669 2147 acorem
691 2078 728 2148 to}
756 2090 787 2155 (i.
811 2107 835 2148 a.
858 2087 946 2159 tum)
968 2093 1029 2163 ejus
1050 2093 1218 2149 Saloninam
1243 2109 1261 2150 e

161 2193 224 2250 ead.
252 2194 303 2250 lla.
332 2193 519 2265 prodiderunt.
570 2193 638 2250 inde
666 2201 695 2250 et
716 2194 817 2249 iactum
839 2201 897 2265 est,
919 2202 949 2251 ut
969 2195 1049 2251 Furia
1071 2196 1100 2251 in
1121 2196 1185 2253 cod.
1208 2196 1261 2253 lla.

160 2295 195 2352 Α.
217 2296 296 2367 Xlll,
321 2295 370 2352 25.
392 2297 469 2353 itero
499 2303 571 2352 tum
594 2290 628 2363 (i.
652 2312 676 2353 a.
700 2289 756 2361 tu)
784 2298 955 2353 metuentior
983 2313 1034 2368 pro
1056 2297 1167 2368 vulgata
1188 2299 1261 2356 acri·

156 2408 235 2473 ptura
256 2401 342 2477 Nero,
356 2407 476 2456 cutem
498 2396 533 2467 (i.
556 2416 582 2456 e.
606 2390 668 2465 ou)
689 2402 878 2472 metuentior,
901 2417 980 2472 quarn
998 2403 1084 2458 ceteri
1105 2402 1166 2459 libri
1188 2403 1261 2459 seri·

158 2503 199 2574 pti
220 2509 249 2557 ct
271 2502 333 2557 edd.
355 2508 421 2558 vett
443 2502 551 2557 liemare
570 2501 696 2557 ridentur
720 2493 812 2573 ⁴⁸⁵),
840 2509 868 2557 ct
888 2502 922 2558 A.
944 2505 1012 2574 XV,
1035 2505 1084 2560 50.
1107 2512 1177 2561 extr.
1200 2522 1260 2560 oo-

157 2606 290 2676 pon’nem
310 2620 362 2675 pro
384 2604 459 2674 vulg.
485 2604 658 2675 leporinum
678 2604 794 2674 legeret.
839 2604 1028 2675 Supersedere
1049 2605 1133 2676 igitur
1153 2622 1257 2678 possu-

157 2722 216 2762 mus
239 2705 471 2763 emendationibus
492 2706 644 2763 Petersenii
673 2713 703 2762 et
723 2706 859 2777 Rupertii,
891 2721 1003 2777 quornm
1025 2707 1071 2763 ille
1092 2708 1110 2764 l.
1132 2708 1152 2762 Ι.
1174 2709 1207 2763 ll.
1228 2725 1257 2782 p.

159 2811 186 2865 5.
208 2808 303 2881 priore
324 2808 389 2865 loco
412 2816 523 2879 tomen,
551 2808 595 2863 hic
617 2808 704 2863 altero
726 2808 905 2880 Augurinum
927 2809 1120 2879 coriigendum
1142 2812 1256 2868 censuit.

259 2911 367 2966 Literae
381 2927 401 2965 a
413 2917 441 2966 et
455 2929 474 2968 u
488 2925 573 2982 saepe
582 2916 644 2967 sunt
658 2909 806 2966 confusae:
827 2926 878 2967 eae
890 2911 1115 2969 enimsirniilinros
1127 2912 1260 2969 interdurn

152 3014 291 3085 ‘praebent
304 3013 412 3082 ductas,
434 3019 463 3068 nt
484 3012 511 3067 in
527 3011 615 3068 Servii
637 3012 700 3069 eod.
717 3012 878 3070 Casuellano
893 3029 965 3070 saec.
979 3014 1025 3072 til.
1038 3020 1067 3072 et
1080 3015 1108 3069 in
1124 3014 1185 3072 cod.
1198 2992 1258 3073 Va·

156 3117 248 3173 tuane
277 3115 370 3171 llilarii
398 3130 474 3171 saec.
497 3114 542 3172 Vl.
573 3114 694 3187 scripto,
717 3132 753 3171 ex
784 3132 837 3186 quo
860 3117 1011 3187 scripturae
1032 3118 1173 3190 specimen
1194 3119 1257 3176 edi·

157 3220 254 3275 derunt
280 3218 450 3274 illabillonius
480 3217 515 3273 de
544 3216 585 3272 Re
612 3216 684 3289 Dipl.
711 3235 738 3290 p.
776 3217 846 3274 355.
875 3226 904 3275 et
931 3219 1006 3276 docti
1032 3219 1201 3278 Benedictini
1229 3222 1257 3278 in

155 3323 226 3379 libro
254 3322 337 3378 modo
360 3320 470 3377 laudato
500 3319 576 3376 Tora.
599 3316 643 3376 lli.
679 3337 706 3393 p.
736 3318 807 3378 263.
846 3320 922 3378 llaec
943 3327 1006 3379 sant
1027 3322 1152 3396 exempla
1178 3315 1251 3389 *Ἲς

157 3522 397 3532 ...ου-ψ*-

173 3635 239 3699 ifle)
257 3636 279 3688 E
298 3642 431 3690 connatis
449 3640 523 3695 llari.
543 3640 576 3690 da
595 3640 623 3690 Ι..
636 3640 665 3692 Ι..
684 3640 745 3695 vlit.
770 3643 796 3700 §.
820 3639 861 3691 78.
888 3641 944 3689 init.
968 3654 993 3705 p.
1019 3636 1075 3693 193.
1100 3639 1142 3690 ed.
1167 3639 1255 3691 Maeli.

243 3738 269 3789 p.
289 3718 346 3774 123.
366 3724 408 3776 ed.
425 3723 484 3790 Bip.
502 3726 605 3777 codicis
622 3724 653 3780 F.
680 3726 762 3777 lectio
785 3744 822 3776 ec
845 3728 868 3776 si
886 3728 1052 3792 proportione
1074 3735 1156 3777 essent
1177 3726 1256 3778 verbo

227 3806 402 3875 inuigabatur
425 3811 656 3874 antelluellerunr,
676 3813 720 3879 qui
732 3828 764 3862 ex
783 3810 862 3864 codd.
881 3808 978 3864 etna.
996 3814 1132 3878 rescripsit
1149 3819 1174 3863 et
1191 3829 1212 3865 s.
1227 3829 1255 3880 p.

243 3914 264 3952 s.
282 3912 321 3957 n,
341 3893 402 3946 coll.
421 3904 510 3948 annot
528 3897 562 3946 ad
580 3897 609 3959 §.
629 3894 671 3951 68.

174 3978 241 4042 de]
258 3981 323 4031 itant
346 3978 405 4032 Ter.
428 3979 493 4034 llee.
512 3981 555 4045 lli,
578 3979 608 4046 2,
628 3978 668 4035 10.
685 3983 713 4034 in
732 3983 841 4050 antiquo
864 3983 933 4035 libro
950 3982 1047 4034 Faerni
1070 3991 1154 4034 netem
1177 3979 1211 4045 (i.
1230 3998 1254 4039 c.

241 4064 292 4131 at)
310 4082 358 4133 pro
377 4076 429 4118 lum
447 4067 481 4131 (i.
500 4085 524 4122 c.
541 4066 585 4131 tis)
604 4068 728 4136 scriptum
748 4077 812 4121 erat.

174 4148 306 4214 repleius
323 4153 486 4207 confusionis
505 4153 624 4222 exempla
643 4170 657 4207 a
674 4162 740 4208 vett.
758 4154 856 4206 Velleii
873 4153 947 4205 libris
965 4152 1038 4206 dedit
1049 4152 1160 4204 Kritnins
1172 4151 1254 4206 Proll.
