2934 4775
1295 280 1504 370 —159

350 491 414 531 se
474 481 807 547 permutatae
867 484 1004 533 sunt.
1090 476 1159 532 A.
1202 478 1333 550 XII,
1383 476 1480 534 17.
1536 479 1590 535 ἰιι
1633 479 1735 534 Mn.
1786 486 2294 551 prorumperentur
2351 479 2550 550 legitur

336 596 370 651 p
392 595 455 634 ro
502 579 724 649 vulgata
770 594 843 635 ex
887 580 1265 637 emendatione
1293 582 1536 637 Rhennni
1580 581 1844 653 scriptura
1872 590 2390 654 perrumpet-entur.
2479 582 2547 637 A.

340 682 499 753 XIII,
548 681 648 737 29.
691 680 837 737 idem
880 675 1016 738 liber
1060 687 1117 740 et
1158 684 1220 740 B.
1264 700 1295 739 n
1338 701 1419 755 pr.
1465 701 1531 739 m.
1577 687 1652 740 iis
1694 725 1709 741 .
1755 726 1768 740 .
1800 686 1828 740 ¹.
1874 725 1886 739 .
1933 693 2106 741 extra
2134 685 2388 740 ordinem
2429 684 2546 741 ho·-

343 801 516 841 nores
552 787 811 859 promisit
853 786 1077 842 exhibet
1135 803 1234 859 pro
1273 789 1531 859 permisit
1583 782 1766 857 ²⁴⁶),
1813 803 1952 858 quae
1997 794 2082 843 est
2123 788 2390 858 scripturn
2437 803 2545 843 co-

338 888 517 945 dicum
556 888 619 944 B.
666 886 723 953 (a
767 904 879 944 sec.
925 885 1025 953 m.)
1071 888 1375 945 Gitona.
1458 896 1516 945 et
1559 888 1682 944 edd.
1727 896 1857 944 vett.
1918 889 1984 944 ab
2029 889 2316 960 Ernestio‚
2365 888 2548 945 Ober-

340 992 497 1063 lino,
540 990 824 1060 Broterio‚
884 975 1218 1063 Bipontinis‘,
1263 992 1588 1061 walthero,
1634 991 1893 1061 Rupertio
1949 998 2207 1046 revocata
2268 997 2325 1047 et
2378 1008 2545 1047 sensu

336 1093 469 1166 ipso
524 1094 616 1149 vel
673 1094 903 1149 maxime
962 1094 1350 1150 commendata.
1440 1094 1658 1165 Quippe
1712 1100 1939 1164 propter
1992 1094 2334 1164 insequentia
2380 1095 2545 1150 verhn

344 1197 587 1252 honores
630 1210 745 1251 non
775 1196 1029 1266 promissi
1073 1204 1306 1267 tantum,
1354 1197 1453 1252 sed
1477 1212 1668 1252 revera
1714 1196 1823 1251 dati
1852 1196 2193 1267 mandatique
2238 1211 2371 1252 esse
2410 1212 2542 1252 nar-

337 1304 525 1355 rentur
556 1313 801 1357 ,necesse
834 1306 933 1355 est.
1020 1298 1138 1354 Huc
1162 1299 1396 1354 referam
1440 1299 1602 1355 etiam
1644 1306 1958 1370 perpetuam
1984 1299 2361 1369 particularum
2400 1314 2541 1371 per·-

340 1403 475 1459 iudc
535 1408 593 1458 et
642 1404 885 1474 proinde
944 1400 1353 1472 confusionem,
1411 1418 1514 1472 qun
1573 1417 1694 1457 cum
1744 1401 1800 1456 in
1855 1401 1973 1456 nliis
2029 1401 2178 1456 libris
2212 1401 2386 1457 ‘Mstis
2431 1397 2539 1467 (cf.

344 1511 566 1577 praeter
618 1522 707 1561 vv.
768 1506 855 1561 dd.
916 1505 981 1560 ab
1026 1504 1225 1561 Hansio
1271 1511 1383 1560 not.
1429 1502 1572 1559 416.
1634 1504 1704 1559 nd
1746 1504 1952 1574 Reisig.
2000 1502 2091 1558 Gr.
2136 1503 2250 1559 Lat.
2291 1507 2346 1569 §.
2394 1502 2539 1576 244,

340 1624 372 1664 n
416 1608 677 1665 Kuhnero
724 1608 794 1663 nd
838 1607 951 1664 Cic.
997 1608 1157 1664 Tusc.
1214 1607 1271 1679 I,
1318 1606 1429 1679 36,
1477 1607 1578 1663 86.
1623 1607 1709 1664 ed.
1755 1608 1844 1663 alt.
1900 1613 1957 1662 et
1998 1622 2030 1661 a
2074 1605 2358 1662 walthero
2418 1605 2538 1661 Ru-

339 1712 631 1783 pertioque
676 1710 746 1765 nd
790 1710 918 1765 Tac.
965 1709 1109 1765 Anu.
1148 1709 1242 1779 111,
1298 1708 1389 1765 17.
1435 1716 1890 1765 commemoratos
1937 1708 2243 1765 Goeschen.
2290 1709 2379 1765 ed.
2422 1708 2545 1764 Goii

347 1827 464 1870 sec.
509 1812 685 1867 Praei.
740 1829 793 1884 p.
849 1811 1129 1868 XXXXlIl.
1192 1818 1304 1867 not.
1367 1806 1501 1877 27.)
1554 1818 1662 1866 tum
1719 1810 1774 1865 in
1817 1810 2078 1866 Mediceis
2122 1806 2231 1875 (cf.
2273 1809 2438 1867 Baoh.
2481 1812 2538 1868 in

344 1913 523 1970 Juhuii
565 1914 701 1971 Nov.
747 1914 886 1970 Anu.
933 1915 1126 1970 Philol.
1170 1915 1278 1985 XI,
1330 1912 1381 1970 1.
1425 1931 1480 1985 p.
1527 1913 1624 1969 26.
1672 1920 1729 1969 et
1770 1913 1841 1968 nd
1870 1913 1999 1972 Tac.
2044 1912 2182 1968 Ann.
2227 1913 2360 1984 XII,
2409 1909 2538 1977 40.)

348 2032 531 2074 sermo
589 2017 780 2072 latinus
837 2017 1140 2087 inquinatus
1200 2023 1310 2072 est:
1372 2031 1528 2090 quam
1587 2032 1735 2086 rem,
1811 2015 2008 2087 quippe
2066 2031 2208 2086 quae
2259 2015 2435 2070 adhuc
2487 2015 2542 2070 in

341 2119 719 2176 controversia
771 2126 1052 2190 versetur,
1098 2119 1349 2189 tetigisse
1370 2115 1571 2174 tuntum
1614 2119 1666 2174 h.
1710 2118 1745 2173 l.
1790 2119 1921 2173 entis
1965 2118 2179 2189 haheo,
2227 2131 2540 2189 quamquam

342 2222 589 2294 equidem
632 2222 936 2278 sententiae
993 2222 1059 2277 ab
1104 2221 1379 2277 Ellendtio
1437 2221 1494 2277 in
1535 2219 1751 2276 Diurnis
1795 2220 1932 2277 liter.
1977 2219 2195 2275 liniens.
2254 2237 2303 2275 n.
2354 2217 2536 2277 1836.

336 2341 392 2398 p.
436 2323 579 2381 470.
625 2332 682 2381 et
724 2324 1030 2398 nZumptio
1074 2324 1144 2380 ad
1191 2323 1308 2380 Cic.-
1338 2326 1495 2380 Verr.
1539 2323 1596 2397 1,
1645 2323 1743 2380 38.
1789 2326 1843 2389 §.
1893 2322 1991 2379 98.
2039 2323 2198 2379 datae
2239 2338 2358 2378 cum
2391 2322 2539 2379 Han-

340 2428 427 2484 sio
473 2428 779 2495 assentior3
826 2427 980 2494 cujus
1024 2426 1210 2481 videns
1255 2426 1658 2482 annotationem
1703 2425 1844 2483 416.
1903 2445 1955 2499 p.
2003 2422 2144 2483 428.
2200 2427 2270 2482 nd
2312 2420 2541 2498 Reisigii

349 2527 577 2583 Gramm.
621 2527 735 2580 Lat.
782 2526 1083 2595 ascriptum.

542 2629 732 2699 Siglne
781 2633 849 2720 :p
894 2627 1095 2684 lineola
1140 2634 1448 2683 transversa
1493 2626 1554 2683 H.
1601 2627 1708 2698 lv,
1757 2625 1855 2685 53.
1898 2632 2154 2702 neglectu
2218 2637 2333 2687 erat
2388 2648 2419 2686 n
2463 2632 2536 2686 li-

518 2890 913 2959 Vitebergensis
952 2892 1161 2944 exhibet
1195 2889 1461 2945 verborum
1496 2931 1513 2951 ,
1548 2930 1566 2950 .
1601 2929 1618 2949 .
1653 2930 1669 2950 .
1707 2893 2009 2960 eleyantiam
2033 2906 2409 2962 prosequamur
2442 2911 2537 2962 pro

516 2994 903 3045 persequamur.
975 2978 1225 3045 Exempla
1264 2997 1327 3030 ex
1374 2988 1499 3030 vett.
1535 2979 1684 3030 libris
1722 2979 2010 3030 Velleianis
2061 2979 2279 3046 collegit
2313 2979 2537 3032 Kritzius

518 3062 765 3130 Prolegg.
812 3077 862 3128 p.
900 3061 1093 3113 xcvn.
1164 3064 1445 3116 Praeterea
1483 3064 1622 3117 Vell.
1660 3064 1734 3129 II,
1789 3065 1903 3128 105,
1937 3063 1973 3115 3
2020 3066 2148 3115 anni
2190 3067 2298 3115 eius
2345 3069 2540 3117 aestiva

517 3164 677 3214 usque
711 3151 767 3198 in
801 3165 1019 3199 mensem
1052 3149 1373 3200 Decembrem
1402 3153 1660 3218 producta
1704 3167 1800 3218 pro
1848 3150 2062 3219 vulgata
2110 3157 2238 3201 vett.
2288 3151 2537 3207 librorum

514 3235 769 3300 scriptura
797 3234 1052 3301 perducta
1088 3234 1370 3302 legendum
1397 3253 1515 3288 esse
1553 3236 1690 3288 idem
1717 3254 1832 3288 cum
1861 3235 2036 3303 Lipsio
2077 3243 2129 3287 ct
2155 3235 2370 3288 Heinsio
2409 3251 2538 3287 cen-

514 3319 648 3382 suit,
685 3319 739 3368 in
775 3321 1067 3382 rationem,
1105 3336 1206 3388 qua
1243 3320 1337 3371 illa
1373 3321 1534 3373 verbu
1573 3322 1710 3373 inter
1745 3339 1803 3373 se
1841 3322 2116 3386 differant,
2155 3320 2418 3372 subtiliter
2454 3321 2539 3371 in-

510 3406 740 3469 quirens.
810 3404 937 3455 Item
975 3403 1254 3456 Frontonis
1290 3405 1457 3472 Epist.
1494 3405 1559 3457 ad
1598 3407 1662 3457 M.
1700 3406 1978 3458 Caesarem
2015 3407 2061 3471 1,
2105 3406 2153 3467 33,
2194 3411 2218 3455 Τ
2262 3427 2312 3471 [12.
2346 3405 2415 3457 24
2451 3405 2532 3457 ed.

514 3486 763 3542 Niebuhr.
798 3505 893 3557 pro
919 3490 1119 3542 codicis
1146 3492 1399 3557 scripturn
1436 3495 1540 3543 sive
1570 3493 1913 3561 prodormias,
1949 3494 2052 3544 sive
2085 3495 2355 3559 purre'sss'a'es
2389 3500 2534 3544 recte

509 3574 807 3626 coniecisse
839 3576 1159 3642 perdor-onias
1194 3575 1523 3628 Heindorfius
1560 3578 1683 3629 mihi
1741 3577 1978 3640 videtur,
2027 3579 2125 3628 nisi
2177 3578 2318 3644 qumi
2352 3579 2536 3632 nescio

526 3672 591 3707 an
615 3657 783 3709 literis
810 3677 865 3710 sc
888 3662 1098 3711 insertis
1119 3663 1496 3729 perdor-miscus
1522 3663 1891 3731 corrigendum
1915 3662 2081 3714 dicum
2101 3704 2113 3724 ‚
2153 3668 2345 3728 quippe
2382 3679 2537 3731 quum

521 3740 672 3792 verbi
702 3745 1017 3810 perdormire
1051 3746 1251 3797 nullum
1286 3745 1411 3797 mihi
1449 3748 1658 3815 quidem
1696 3756 1873 3799 notum
1910 3750 1977 3799 sit
2013 3752 2335 3817 exemplum,
2371 3749 2538 3801 forma

505 3828 904 3896 perdor-miscere
940 3845 1068 3882 vero
1089 3830 1299 3882 Plautus
1320 3831 1457 3883 Men.
1491 3833 1568 3897 V,
1605 3834 1656 3897 5,
1678 3831 1743 3887 29
1780 3849 1902 3884 usus
1939 3834 2027 3886 sit.
2095 3834 2322 3886 Plautini
2358 3842 2530 3886 autem

511 3914 767 3965 sermonis
804 3922 1087 3967 amatorem
1124 3917 1275 3967 simul
1313 3925 1366 3968 et
1400 3919 1727 3986 antiquarum
1758 3919 2080 3971 locutionum
2116 3921 2429 3973 imitatorem
2467 3936 2531 3971 ex

515 3998 655 4051 illius
693 3999 891 4050 saeculi
924 4015 1075 4052 more
1110 4001 1428 4054 Frontonem
1466 4004 1632 4054 fuisse
1669 4013 1888 4058 constet.

380 4080 508 4145 146)
544 4082 747 4136 Eodem
780 4085 971 4137 mendo
1008 4086 1227 4143 Martini.
1263 4087 1314 4152 1,
1352 4086 1437 4152 62,
1474 4086 1508 4142 3
1556 4087 1726 4140 codex
1764 4088 2125 4159 Oudendorpii
2177 4109 2207 4143 n
2243 4090 2536 4145 Schneide-

509 4169 655 4222 wino
691 4170 844 4222 litera
879 4171 914 4221 d
946 4173 1180 4239 signatus
1208 4175 1457 4241 promittit
1487 4189 1585 4241 pro
1620 4174 1837 4244 vulgato
1871 4180 2118 4245 permittit
2152 4175 2385 4230 exhibet.
