2934 4775
696 263 848 355 ...Ῑὲ-

215 464 345 522 nonnulla
366 469 467 522 tautum
489 462 616 521 vitiorum
637 477 743 533 genem
766 462 884 534 ιοιιοςίι
905 467 934 518 et
953 460 1005 518 ruli
1027 458 1126 518 eodem
1148 471 1253 529 genere
1275 455 1326 514 die

216 585 297 625 verua
319 574 401 639 atque
423 568 510 625 aliena
533 566 664 623 interdum
691 565 848 635 reoenruit3
877 563 953 636 qaod
981 563 1112 636 imprimit
1133 562 1325 633 reprehendes

213 671 242 727 iu
262 672 311 743 iia,
334 688 404 743 quae
426 670 462 728 de
483 670 668 741 dittographin
699 670 837 741 exposuit.
881 667 961 737 oua
982 683 1063 737 quun
1083 666 1120 722 ita
1141 666 1210 737 aiut,
1236 682 1324 739 opero

213 774 294 846 iore,
316 781 345 831 ut
366 775 437 831 hand
458 774 604 830 alienama
627 772 722 829 oritioa
737 788 850 844 operam
865 783 904 828 er
919 773 948 827 in
968 786 1001 826 re
1016 769 1224 842 collocaverim,
1246 770 1325 841 qnod

214 878 356 950 pntlaaima
392 877 518 933 uitiorum
547 882 575 932 et
602 877 818 947 corruptelarum
852 889 974 946 genera,
1004 888 1056 931 ruo
1086 872 1215 943 quodque
1243 873 1323 945 loto,

213 980 339 1037 dietinmu
366 995 515 1036 reeenuere
537 986 651 1035 conatur
672 979 739 1050 aim,
762 994 817 1050 qao
839 978 1014 1036 fundamento
1037 991 1115 1034 meae
1135 975 1223 1047 iprirr
1244 976 1322 1034 alio-

211 1098 325 1153 remque
352 1081 556 1139 emendationes
591 1082 736 1138 fulciamur
766 1097 799 1138 ao
830 1080 1020 1138 autineaetur.
1064 1077 1128 1147 ouo
1149 1095 1261 1138 munere
1282 1080 1322 1137 ita

212 1183 380 1256 iungendum
403 1185 512 1256 curavi,
534 1191 564 1240 nt
585 1185 726 1255 eodieem,
749 1183 822 1240 unde
835 1183 960 1255 exemplu
976 1183 1185 1253 depromerem,
1206 1181 1234 1240 in
1256 1182 1319 1239 An·

212 1288 311 1343 nulium
333 1287 408 1343 liltrir
427 1303 479 1344 rex
500 1287 637 1358 prioribna
653 1314 690 1325 -
707 1286 736 1343 id
759 1286 895 1358 quodper
916 1302 949 1342 ee
963 1284 1122 1355 intelligitur
1142 1311 1175 1324 ·-
1192 1285 1319 1344 eodioent

213 1390 321 1446 uuioum
340 1391 506 1460 lledioeum,
528 1391 556 1446 iu
571 1390 714 1448 Annalium
725 1389 827 1449 eeteria
841 1396 869 1446 et
887 1390 915 1446 iu
928 1387 1105 1450 munerun
1118 1388 1320 1450 libtiaulterttm

215 1492 367 1549 lledioeum
379 1493 584 1566 langobardioia
599 1494 687 1550 literis
700 1500 840 1549 exaratum
862 1491 1032 1563 deligerenr,
1054 1491 1170 1550 etiamsi
1192 1491 1237 1550 ulii
1254 1492 1318 1550 libri

211 1597 273 1652 llati
295 1603 342 1651 aut
363 1596 450 1653 ueteri
472 1611 567 1653 ornnes
590 1597 725 1652 ιιιιοιιιιιι
746 1595 895 1653 lectionem
908 1595 1071 1654 offerebant
1106 1594 1157 1658 „ux
1178 1594 1212 1652 iia
1233 1595 1316 1665 onitu,

213 1714 283 1769 qnae
306 1715 388 1771 rupea
411 1698 446 1755 de
467 1697 536 1770 lide,
564 1699 727 1757 anctoritate
749 1706 791 1770 et,
820 1705 849 1754 nt
868 1699 911 1755 aio
933 1698 1066 1768 diuerinr,
1094 1686 1209 1772 iugenio
1236 1695 1316 1765 liniue

212 1801 317 1858 eodioie
340 1802 473 1873 erpetui,
501 1802 584 1859 iaeile
605 1802 782 1875 intelligitur,
810 1802 891 1859 etiam
912 1802 965 1858 lane
985 1802 1014 1857 in
1035 1816 1067 1857 re
1087 1816 1133 1856 me
1153 1807 1232 1858 reete
1253 1818 1315 1860 autu

210 1910 334 1961 reontrrm
355 1921 420 1961 erae
443 1905 547 1986 dueum.
591 1905 687 1977 Neque
702 1904 774 1962 enim
787 1919 889 1974 uerno,
913 1921 967 1976 uuo
990 1903 1044 1961 ulio
1057 1902 1141 1960 inodo
1156 1904 1314 1962 mendorum

208 2023 324 2079 genera,
346 2024 416 2079 qnae
437 2008 465 2065 in
486 2009 671 2065 retnutiraimo
693 2010 846 2080 erohetypo
861 2009 1021 2080 plerumque
1039 2007 1196 2065 ooourriare
1216 2007 1316 2064 viden·

208 2117 269 2181 tur,
291 2111 459 2181 investigere
481 2118 563 2183 atque
584 2111 619 2166 ad
640 2113 729 2167 lnoem
752 2111 1035 2183 prolerrepntuerinu
1079 2110 1205 2170 ceteram
1226 2109 1315 2166 varim

209 2210 298 2268 codd.
318 2212 504 2268 lledieeorunr
531 2213 667 2269 londonen
689 2210 823 2280 conjunxi
853 2220 881 2269 et
909 2213 1065 2285 promiscue
1094 2212 1186 2284 attuli,
1216 2214 1316 2284 quippe

210 2313 255 2385 qni
285 2313 410 2371 librarios
433 2314 647 2385 utriuuqnelluti
668 2316 696 2376 in
717 2316 814 2373 eudem
827 2316 887 2373 iere
908 2317 972 2373 vitia
988 2317 1118 2389 delapror
1133 2333 1198 2373 erre
1213 2317 1315 2374 obaer-

207 2417 336 2473 raverim.
396 2416 457 2486 Qua
486 2435 518 2475 re
547 2420 626 2475 etium
649 2435 685 2476 eo
707 2420 848 2491 adiutor,
870 2426 901 2476 nt
920 2419 1090 2477 Doederlino
1112 2437 1138 2491 p.
1160 2421 1219 2477 XV.
1242 2437 1314 2477 oon·

206 2519 328 2576 renuam
357 2526 499 2592 utrumqne
533 2537 570 2579 ex
598 2539 654 2580 uno
684 2525 838 2595 eodemque
868 2524 1020 2594 archetypo
1049 2523 1162 2581 ltuxiaae
1187 2523 1313 2587 ¹arltitrer.

205 2620 267 2679 lloo
290 2638 385 2680 omnes
414 2622 556 2681 Annaliun
585 2632 614 2682 et
635 2626 812 2683 ilistoriarum
839 2627 925 2687 libror
945 2627 1144 2697 anomiani,
1162 2627 1225 2685 'red
1247 2643 1312 2683 earu

206 2724 299 2796 iniquo
323 2734 369 2782 ant
390 2727 506 2783 barbara
536 2728 656 2801 muntia,
683 2731 781 2787 neaeio
811 2745 866 2800 quo
896 2736 1036 2802 tempore,
1061 2730 1176 2787 amarum
1205 2730 1312 2791 dianer-

205 2834 334 2900 ptumque
356 2844 420 2886 eaeo
440 2830 563 2902 videtur,
586 2832 622 2886 ita
644 2837 674 2886 nt
694 2831 820 2902 singulae
842 2836 942 2885 tuntum
962 2833 1196 2904 parteutemporir
1217 2829 1312 2899 injuria

206 2931 348 3001 dispersae
383 2938 481 3003 poster
510 2933 616 2989 demum
638 2934 665 2990 in
686 2949 780 2989 manus
807 2933 943 2989 hominurn
975 2949 1030 2990 non
1053 2933 1240 2991 illiteratorum
1266 2936 1311 2990 in-

207 3032 339 3104 ciderint,
371 3049 483 3103 qrrorum
505 3033 640 3093 benelioio
663 3035 797 3105 reliquiae
819 3036 934 3093 Tanitini
956 3037 1049 3108 operia
1071 3037 1226 3109 posteritati
1247 3053 1309 3095 aer·

206 3139 287 3191 ratae
309 3135 370 3193 aiut.
415 3134 577 3206 Comparari
599 3143 688 3195 antem
710 3137 895 3194 lledioeorum
917 3140 999 3197 oudd.
1022 3140 1118 3197 menda
1140 3147 1169 3196 et
1188 3156 1307 3212 eorrup-

205 3237 276 3293 teloe
298 3253 359 3293 unm
380 3238 501 3294 leotione
523 3245 569 3294 aut
591 3240 708 3295 omnium
732 3240 866 3297 editorum
888 3244 1071 3300 reeentiurnm
1086 3259 1224 3300 conuentu
1245 3242 1308 3298 rul-
1349 3220 1353 3223 ’

206 3346 271 3412 gata
292 3349 338 3397 aut
360 3347 436 3398 uerte
452 3341 554 3412 optimo
578 3343 675 3413 unique
690 3345 786 3400 oritioo
809 3341 973 3415 prohata'ao
993 3352 1124 3418 recepta,
1147 3360 1182 3401 ne
1204 3344 1307 3400 romula

202 3442 266 3499 milui
289 3444 419 3516 lingendo
442 3460 547 3516 genera
568 3445 694 3502 vitiorum
716 3453 745 3503 et
766 3450 890 3520 exempla
918 3449 1002 3505 hodie
1031 3446 1182 3518 collegisse
1204 3448 1307 3521 videar,

287 3743 453 3812 ingeniosam
471 3747 740 3814 argumentationem,
766 3762 817 3815 qua
842 3763 891 3798 eae
915 3745 1101 3802 defenduntur.
1135 3748 1229 3818 Neque
1248 3748 1307 3799 llri·

274 3824 355 3881 stniue
378 3831 405 3881 in
422 3829 547 3900 Prolegg.
564 3833 610 3890 od.
628 3832 697 3888 Veli.
716 3848 764 3886 eoa
776 3834 902 3901 uoopnloa
920 3842 1120 3901 praeterveetus
1139 3843 1196 3899 eat,
1215 3848 1306 3901 quam·

289 3929 366 3983 qnam
383 3915 412 3966 id
429 3917 521 3968 vitium
538 3920 565 3969 in
583 3918 689 3972 Velleio
708 3927 782 3973 certe
800 3919 862 3972 ideo
882 3920 970 3989 aliqua
988 3938 1021 3973 ex
1037 3932 1112 3990 purte
1131 3919 1307 3973 excusandum

286 3999 408 4065 ridetur,
427 4002 500 4070 quod
522 4002 597 4055 nnlla
620 4004 703 4058 editio
721 4013 821 4057 tantmn
839 4008 1021 4059 auctoritatem
1039 4016 1182 4063 consecuta
1201 4013 1260 4070 eat,
1279 4014 1306 4059 ut

285 4088 435 4155 grauiorem
464 4090 593 4157 quadam
616 4093 670 4145 vim
688 4091 809 4145 habuerit
826 4092 860 4144 ud
878 4101 977 4149 eertum
1002 4095 1157 4160 scripturam
1174 4092 1306 4162 vulgatum

283 4173 504 4232 ounrtitnendurn.
