<?xml version="1.0" encoding="UTF-8"?>
<!DOCTYPE html PUBLIC "-//W3C//DTD XHTML 1.0 Transitional//EN"
    "http://www.w3.org/TR/xhtml1/DTD/xhtml1-transitional.dtd">
<html xmlns="http://www.w3.org/1999/xhtml" xml:lang="en" lang="en">
 <head>
  <title>
</title>
<meta http-equiv="Content-Type" content="text/html;charset=utf-8" />
  <meta name='ocr-system' content='tesseract 3.04.00' />
  <meta name='ocr-capabilities' content='ocr_page ocr_carea ocr_par ocr_line ocrx_word'/>
</head>
<body>
  <div class='ocr_page' id='page_1' title='image "./studiacriticain01heragoog_0172.png"; bbox 0 0 2934 4775; ppageno 0'>
   <div class='ocr_carea' id='block_1_1' title="bbox 680 292 830 387">
    <p class='ocr_par' dir='ltr' id='par_1_1' title="bbox 680 292 830 387">
     <span class='ocr_line' id='line_1_1' title="bbox 680 292 830 387; baseline 0 -36"><span class='ocrx_word' id='word_1_1' title='bbox 680 292 830 387; x_wconf 51' lang='lat' dir='ltr'>..fl-⁸..</span> 
     </span>
    </p>
   </div>
   <div class='ocr_carea' id='block_1_2' title="bbox 206 489 1304 1077">
    <p class='ocr_par' dir='ltr' id='par_1_2' title="bbox 206 489 1304 1077">
     <span class='ocr_line' id='line_1_2' title="bbox 206 489 1302 567; baseline -0.003 -21"><span class='ocrx_word' id='word_1_2' title='bbox 206 507 276 547; x_wconf 79' lang='lat' dir='ltr'><strong>aue</strong></span> <span class='ocrx_word' id='word_1_3' title='bbox 296 494 396 549; x_wconf 60' lang='lat' dir='ltr'><strong>aaran</strong></span> <span class='ocrx_word' id='word_1_4' title='bbox 423 494 525 567; x_wconf 77' lang='lat' dir='ltr'><strong>scripta</strong></span> <span class='ocrx_word' id='word_1_5' title='bbox 546 495 609 551; x_wconf 83' lang='lat' dir='ltr'><strong>iore</strong></span> <span class='ocrx_word' id='word_1_6' title='bbox 637 492 771 564; x_wconf 73' lang='lat' dir='ltr'><strong>arbitror,</strong></span> <span class='ocrx_word' id='word_1_7' title='bbox 798 499 827 548; x_wconf 89' lang='lat' dir='ltr'><strong>nt</strong></span> <span class='ocrx_word' id='word_1_8' title='bbox 849 508 873 549; x_wconf 84' lang='lat' dir='ltr'><strong>a.</strong></span> <span class='ocrx_word' id='word_1_9' title='bbox 905 490 954 547; x_wconf 83' lang='lat'><strong>20.</strong></span> <span class='ocrx_word' id='word_1_10' title='bbox 977 495 1046 548; x_wconf 71' lang='lat' dir='ltr'><strong>extr:</strong></span> <span class='ocrx_word' id='word_1_11' title='bbox 1067 490 1138 547; x_wconf 83' lang='lat' dir='ltr'><strong>lraea</strong></span> <span class='ocrx_word' id='word_1_12' title='bbox 1159 489 1302 561; x_wconf 73' lang='lat' dir='ltr'><strong>legnntnrt</strong></span> 
     </span>
     <span class='ocr_line' id='line_1_3' title="bbox 206 589 1304 669; baseline -0.005 -19"><span class='ocrx_word' id='word_1_13' title='bbox 206 591 1223 669; x_wconf 66' lang='lat' dir='ltr'><strong>manteamapiatrataaetaalpaealieaoeanescii,oietVirg.</strong></span> <span class='ocrx_word' id='word_1_14' title='bbox 1246 589 1304 661; x_wconf 79' lang='lat' dir='ltr'><strong>llll,</strong></span> 
     </span>
     <span class='ocr_line' id='line_1_4' title="bbox 208 694 1304 772; baseline -0.004 -20"><span class='ocrx_word' id='word_1_15' title='bbox 208 696 284 753; x_wconf 74' lang='lat'>648:</span> <span class='ocrx_word' id='word_1_16' title='bbox 306 699 416 756; x_wconf 73' lang='lat' dir='ltr'><strong>Sancta</strong></span> <span class='ocrx_word' id='word_1_17' title='bbox 430 700 529 755; x_wconf 83' lang='lat' dir='ltr'><strong>adasa</strong></span> <span class='ocrx_word' id='word_1_18' title='bbox 543 701 640 755; x_wconf 74' lang='lat' dir='ltr'><strong>anana</strong></span> <span class='ocrx_word' id='word_1_19' title='bbox 655 709 741 772; x_wconf 79' lang='lat' dir='ltr'><strong>atqua</strong></span> <span class='ocrx_word' id='word_1_20' title='bbox 762 697 1016 754; x_wconf 79' lang='lat' dir='ltr'><strong>iatiaaaeaaia</strong></span> <span class='ocrx_word' id='word_1_21' title='bbox 1031 696 1165 768; x_wconf 81' lang='lat' dir='ltr'><strong>culpae</strong></span> <span class='ocrx_word' id='word_1_22' title='bbox 1179 694 1304 752; x_wconf 79' lang='lat' dir='ltr'><strong>desana-</strong></span> 
     </span>
     <span class='ocr_line' id='line_1_5' title="bbox 208 797 1303 873; baseline -0.005 -17"><span class='ocrx_word' id='word_1_23' title='bbox 208 801 283 856; x_wconf 69' lang='lat' dir='ltr'><strong>dam,</strong></span> <span class='ocrx_word' id='word_1_24' title='bbox 326 800 362 856; x_wconf 80' lang='lat' dir='ltr'><strong>lit</strong></span> <span class='ocrx_word' id='word_1_25' title='bbox 383 818 465 873; x_wconf 88' lang='lat' dir='ltr'><strong>sane,</strong></span> <span class='ocrx_word' id='word_1_26' title='bbox 488 801 549 857; x_wconf 90' lang='lat' dir='ltr'><strong>dum</strong></span> <span class='ocrx_word' id='word_1_27' title='bbox 571 802 640 858; x_wconf 84' lang='lat' dir='ltr'><strong>haec</strong></span> <span class='ocrx_word' id='word_1_28' title='bbox 662 801 774 871; x_wconf 85' lang='lat' dir='ltr'><strong>sariba,</strong></span> <span class='ocrx_word' id='word_1_29' title='bbox 797 800 870 856; x_wconf 89' lang='lat' dir='ltr'><strong>venit</strong></span> <span class='ocrx_word' id='word_1_30' title='bbox 892 799 955 854; x_wconf 86' lang='lat' dir='ltr'><strong>milri</strong></span> <span class='ocrx_word' id='word_1_31' title='bbox 975 799 1002 853; x_wconf 91' lang='lat' dir='ltr'><strong>in</strong></span> <span class='ocrx_word' id='word_1_32' title='bbox 1025 797 1225 869; x_wconf 74' lang='lat' dir='ltr'><strong>suspicionem,</strong></span> <span class='ocrx_word' id='word_1_33' title='bbox 1248 811 1303 866; x_wconf 87' lang='lat' dir='ltr'><strong>po-</strong></span> 
     </span>
     <span class='ocr_line' id='line_1_6' title="bbox 206 897 1304 976; baseline -0.005 -18"><span class='ocrx_word' id='word_1_34' title='bbox 206 904 293 959; x_wconf 83' lang='lat' dir='ltr'><strong>tuisse</strong></span> <span class='ocrx_word' id='word_1_35' title='bbox 313 903 424 959; x_wconf 85' lang='lat' dir='ltr'><strong>verbnm</strong></span> <span class='ocrx_word' id='word_1_36' title='bbox 446 904 560 959; x_wconf 77' lang='lat' dir='ltr'><strong>alienae</strong></span> <span class='ocrx_word' id='word_1_37' title='bbox 580 904 651 959; x_wconf 87' lang='lat' dir='ltr'><strong>inter</strong></span> <span class='ocrx_word' id='word_1_38' title='bbox 673 905 775 976; x_wconf 82' lang='lat' dir='ltr'><strong>calpae</strong></span> <span class='ocrx_word' id='word_1_39' title='bbox 806 909 833 959; x_wconf 91' lang='lat' dir='ltr'><strong>et</strong></span> <span class='ocrx_word' id='word_1_40' title='bbox 854 904 953 958; x_wconf 74' lang='lat' dir='ltr'><strong>assota</strong></span> <span class='ocrx_word' id='word_1_41' title='bbox 975 900 1112 958; x_wconf 80' lang='lat' dir='ltr'><strong>excidere.</strong></span> <span class='ocrx_word' id='word_1_42' title='bbox 1156 897 1212 954; x_wconf 77' lang='lat' dir='ltr'><strong>(lla.</strong></span> <span class='ocrx_word' id='word_1_43' title='bbox 1236 912 1304 967; x_wconf 89' lang='lat' dir='ltr'><strong>quae</strong></span> 
     </span>
     <span class='ocr_line' id='line_1_7' title="bbox 207 1000 1303 1077; baseline -0.007 -15"><span class='ocrx_word' id='word_1_44' title='bbox 207 1022 288 1077; x_wconf 84' lang='lat' dir='ltr'><strong>supra</strong></span> <span class='ocrx_word' id='word_1_45' title='bbox 311 1023 337 1077; x_wconf 92' lang='lat' dir='ltr'><strong>p.</strong></span> <span class='ocrx_word' id='word_1_46' title='bbox 361 1004 410 1061; x_wconf 79' lang='lat' dir='ltr'><strong>dt.</strong></span> <span class='ocrx_word' id='word_1_47' title='bbox 432 1022 492 1076; x_wconf 86' lang='lat' dir='ltr'><strong>sqq.</strong></span> <span class='ocrx_word' id='word_1_48' title='bbox 515 1006 549 1061; x_wconf 91' lang='lat' dir='ltr'><strong>de</strong></span> <span class='ocrx_word' id='word_1_49' title='bbox 571 1022 644 1062; x_wconf 89' lang='lat' dir='ltr'><strong>nono</strong></span> <span class='ocrx_word' id='word_1_50' title='bbox 667 1006 792 1062; x_wconf 81' lang='lat' dir='ltr'><strong>vitiorum</strong></span> <span class='ocrx_word' id='word_1_51' title='bbox 815 1021 919 1076; x_wconf 76' lang='lat' dir='ltr'><strong>genere</strong></span> <span class='ocrx_word' id='word_1_52' title='bbox 933 1003 1056 1059; x_wconf 89' lang='lat' dir='ltr'><strong>disserui.</strong></span> <span class='ocrx_word' id='word_1_53' title='bbox 1098 1000 1136 1058; x_wconf 79' lang='lat' dir='ltr'><strong>At</strong></span> <span class='ocrx_word' id='word_1_54' title='bbox 1156 1016 1212 1057; x_wconf 91' lang='lat' dir='ltr'><strong>non</strong></span> <span class='ocrx_word' id='word_1_55' title='bbox 1235 1006 1303 1071; x_wconf 89' lang='lat' dir='ltr'><strong>erat,</strong></span> 
     </span>
    </p>
   </div>
   <div class='ocr_carea' id='block_1_3' title="bbox 209 1104 1389 1179">
    <p class='ocr_par' dir='ltr' id='par_1_3' title="bbox 209 1104 1389 1179">
     <span class='ocr_line' id='line_1_8' title="bbox 209 1104 1389 1179; baseline -0.004 -17"><span class='ocrx_word' id='word_1_56' title='bbox 209 1124 257 1163; x_wconf 84' lang='lat' dir='ltr'><strong>eur</strong></span> <span class='ocrx_word' id='word_1_57' title='bbox 278 1123 349 1177; x_wconf 78' lang='lat' dir='ltr'><strong>gens</strong></span> <span class='ocrx_word' id='word_1_58' title='bbox 370 1107 443 1162; x_wconf 88' lang='lat' dir='ltr'><strong>anani</strong></span> <span class='ocrx_word' id='word_1_59' title='bbox 472 1107 552 1179; x_wconf 83' lang='lat' dir='ltr'><strong>eulpa</strong></span> <span class='ocrx_word' id='word_1_60' title='bbox 581 1108 666 1163; x_wconf 85' lang='lat' dir='ltr'><strong>libera</strong></span> <span class='ocrx_word' id='word_1_61' title='bbox 695 1115 784 1164; x_wconf 87' lang='lat' dir='ltr'><strong>morte</strong></span> <span class='ocrx_word' id='word_1_62' title='bbox 807 1106 984 1163; x_wconf 75' lang='lat' dir='ltr'><strong>Tacfarinatis</strong></span> <span class='ocrx_word' id='word_1_63' title='bbox 1004 1104 1201 1178; x_wconf 63' lang='lat' dir='ltr'><strong>percelleretur</strong></span> <span class='ocrx_word' id='word_1_64' title='bbox 1224 1108 1304 1173; x_wconf 86' lang='lat' dir='ltr'><strong>atque</strong></span> <span class='ocrx_word' id='word_1_65' title='bbox 1382 1118 1389 1130; x_wconf 65' lang='grc'>’</span> 
     </span>
    </p>
   </div>
   <div class='ocr_carea' id='block_1_4' title="bbox 205 1206 1310 3646">
    <p class='ocr_par' dir='ltr' id='par_1_4' title="bbox 205 1206 1309 2395">
     <span class='ocr_line' id='line_1_9' title="bbox 208 1206 1304 1281; baseline -0.006 -15"><span class='ocrx_word' id='word_1_66' title='bbox 208 1210 311 1281; x_wconf 89' lang='lat' dir='ltr'><strong>popala</strong></span> <span class='ocrx_word' id='word_1_67' title='bbox 328 1209 450 1266; x_wconf 84' lang='lat' dir='ltr'><strong>Romano</strong></span> <span class='ocrx_word' id='word_1_68' title='bbox 472 1210 634 1267; x_wconf 84' lang='lat' dir='ltr'><strong>satislarere</strong></span> <span class='ocrx_word' id='word_1_69' title='bbox 655 1211 784 1267; x_wconf 82' lang='lat' dir='ltr'><strong>studeret.</strong></span> <span class='ocrx_word' id='word_1_70' title='bbox 829 1210 911 1265; x_wconf 91' lang='lat' dir='ltr'><strong>lmmo</strong></span> <span class='ocrx_word' id='word_1_71' title='bbox 934 1208 1043 1280; x_wconf 85' lang='lat' dir='ltr'><strong>propria</strong></span> <span class='ocrx_word' id='word_1_72' title='bbox 1065 1207 1092 1264; x_wconf 87' lang='lat' dir='ltr'><strong>vi</strong></span> <span class='ocrx_word' id='word_1_73' title='bbox 1112 1206 1190 1263; x_wconf 82' lang='lat' dir='ltr'><strong>veriti</strong></span> <span class='ocrx_word' id='word_1_74' title='bbox 1211 1207 1304 1260; x_wconf 61' lang='lat' dir='ltr'><strong>satu-</strong></span> 
     </span>
     <span class='ocr_line' id='line_1_10' title="bbox 205 1308 1304 1384; baseline -0.007 -15"><span class='ocrx_word' id='word_1_75' title='bbox 205 1312 316 1384; x_wconf 74' lang='lat' dir='ltr'><strong>sacere,</strong></span> <span class='ocrx_word' id='word_1_76' title='bbox 344 1313 379 1368; x_wconf 89' lang='lat' dir='ltr'><strong>de</strong></span> <span class='ocrx_word' id='word_1_77' title='bbox 402 1328 453 1383; x_wconf 83' lang='lat' dir='ltr'><strong>qua</strong></span> <span class='ocrx_word' id='word_1_78' title='bbox 474 1313 528 1369; x_wconf 83' lang='lat' dir='ltr'><strong>vid</strong></span> <span class='ocrx_word' id='word_1_79' title='bbox 551 1313 665 1369; x_wconf 85' lang='lat' dir='ltr'><strong>Gesner.</strong></span> <span class='ocrx_word' id='word_1_80' title='bbox 687 1314 768 1369; x_wconf 83' lang='lat' dir='ltr'><strong>&#39;lhes</strong></span> <span class='ocrx_word' id='word_1_81' title='bbox 785 1313 852 1383; x_wconf 78' lang='lat' dir='ltr'><strong>ling.</strong></span> <span class='ocrx_word' id='word_1_82' title='bbox 875 1318 903 1368; x_wconf 89' lang='lat' dir='ltr'><strong>et</strong></span> <span class='ocrx_word' id='word_1_83' title='bbox 931 1312 1026 1367; x_wconf 86' lang='lat' dir='ltr'><strong>erudit.</strong></span> <span class='ocrx_word' id='word_1_84' title='bbox 1056 1310 1132 1365; x_wconf 77' lang='lat' dir='ltr'><strong>llam.</strong></span> <span class='ocrx_word' id='word_1_85' title='bbox 1162 1325 1184 1364; x_wconf 86' lang='lat' dir='ltr'><strong>s.</strong></span> <span class='ocrx_word' id='word_1_86' title='bbox 1211 1308 1238 1363; x_wconf 83' lang='lat' dir='ltr'><strong>ln.</strong></span> <span class='ocrx_word' id='word_1_87' title='bbox 1266 1324 1304 1378; x_wconf 78' lang='lat' dir='ltr'><strong>u,</strong></span> 
     </span>
     <span class='ocr_line' id='line_1_11' title="bbox 207 1411 1302 1487; baseline -0.006 -16"><span class='ocrx_word' id='word_1_88' title='bbox 207 1415 288 1471; x_wconf 86' lang='lat' dir='ltr'><strong>valde</strong></span> <span class='ocrx_word' id='word_1_89' title='bbox 309 1415 452 1487; x_wconf 89' lang='lat' dir='ltr'><strong>probatur,</strong></span> <span class='ocrx_word' id='word_1_90' title='bbox 476 1415 651 1471; x_wconf 79' lang='lat' dir='ltr'><strong>Garamantes</strong></span> <span class='ocrx_word' id='word_1_91' title='bbox 664 1431 720 1472; x_wconf 91' lang='lat' dir='ltr'><strong>non</strong></span> <span class='ocrx_word' id='word_1_92' title='bbox 741 1423 770 1470; x_wconf 90' lang='lat' dir='ltr'><strong>at</strong></span> <span class='ocrx_word' id='word_1_93' title='bbox 791 1415 897 1471; x_wconf 88' lang='lat' dir='ltr'><strong>alienae</strong></span> <span class='ocrx_word' id='word_1_94' title='bbox 920 1415 1017 1486; x_wconf 83' lang='lat' dir='ltr'><strong>eulpae</strong></span> <span class='ocrx_word' id='word_1_95' title='bbox 1039 1412 1149 1469; x_wconf 81' lang='lat' dir='ltr'><strong>nescios</strong></span> <span class='ocrx_word' id='word_1_96' title='bbox 1171 1411 1212 1467; x_wconf 92' lang='lat' dir='ltr'><strong>sai</strong></span> <span class='ocrx_word' id='word_1_97' title='bbox 1234 1426 1302 1481; x_wconf 86' lang='lat' dir='ltr'><strong>par·</strong></span> 
     </span>
     <span class='ocr_line' id='line_1_12' title="bbox 207 1511 1307 1590; baseline -0.006 -17"><span class='ocrx_word' id='word_1_98' title='bbox 207 1517 292 1588; x_wconf 72' lang='lat' dir='ltr'><strong>gandi</strong></span> <span class='ocrx_word' id='word_1_99' title='bbox 319 1533 418 1587; x_wconf 85' lang='lat' dir='ltr'><strong>eausa,</strong></span> <span class='ocrx_word' id='word_1_100' title='bbox 446 1516 497 1573; x_wconf 86' lang='lat' dir='ltr'><strong>sed</strong></span> <span class='ocrx_word' id='word_1_101' title='bbox 524 1525 554 1573; x_wconf 87' lang='lat' dir='ltr'><strong>nt</strong></span> <span class='ocrx_word' id='word_1_102' title='bbox 580 1518 685 1590; x_wconf 75' lang='lat' dir='ltr'><strong>eulpam</strong></span> <span class='ocrx_word' id='word_1_103' title='bbox 714 1519 876 1574; x_wconf 86' lang='lat' dir='ltr'><strong>eoniltentea</strong></span> <span class='ocrx_word' id='word_1_104' title='bbox 906 1515 1056 1573; x_wconf 77' lang='lat' dir='ltr'><strong>excusandi</strong></span> <span class='ocrx_word' id='word_1_105' title='bbox 1085 1531 1117 1570; x_wconf 86' lang='lat' dir='ltr'><strong>aa</strong></span> <span class='ocrx_word' id='word_1_106' title='bbox 1140 1511 1307 1585; x_wconf 78' lang='lat' dir='ltr'><strong>deprecandi</strong></span> 
     </span>
     <span class='ocr_line' id='line_1_13' title="bbox 208 1615 1307 1692; baseline -0.007 -16"><span class='ocrx_word' id='word_1_107' title='bbox 208 1636 290 1676; x_wconf 78' lang='lat' dir='ltr'><strong>aaran</strong></span> <span class='ocrx_word' id='word_1_108' title='bbox 317 1620 428 1690; x_wconf 79' lang='lat' dir='ltr'><strong>legatas</strong></span> <span class='ocrx_word' id='word_1_109' title='bbox 448 1619 561 1675; x_wconf 79' lang='lat' dir='ltr'><strong>Romam</strong></span> <span class='ocrx_word' id='word_1_110' title='bbox 587 1621 704 1677; x_wconf 85' lang='lat' dir='ltr'><strong>misisse.</strong></span> <span class='ocrx_word' id='word_1_111' title='bbox 755 1622 828 1676; x_wconf 84' lang='lat' dir='ltr'><strong>Sane</strong></span> <span class='ocrx_word' id='word_1_112' title='bbox 855 1636 940 1692; x_wconf 87' lang='lat' dir='ltr'><strong>vero,</strong></span> <span class='ocrx_word' id='word_1_113' title='bbox 964 1619 1037 1690; x_wconf 88' lang='lat' dir='ltr'><strong>qnod</strong></span> <span class='ocrx_word' id='word_1_114' title='bbox 1062 1618 1102 1673; x_wconf 91' lang='lat' dir='ltr'><strong>illi</strong></span> <span class='ocrx_word' id='word_1_115' title='bbox 1125 1615 1192 1672; x_wconf 79' lang='lat' dir='ltr'><strong>levia</strong></span> <span class='ocrx_word' id='word_1_116' title='bbox 1214 1630 1307 1669; x_wconf 86' lang='lat' dir='ltr'><strong>arma-</strong></span> 
     </span>
     <span class='ocr_line' id='line_1_14' title="bbox 208 1716 1307 1794; baseline -0.005 -17"><span class='ocrx_word' id='word_1_117' title='bbox 208 1729 285 1778; x_wconf 85' lang='lat' dir='ltr'><strong>turae</strong></span> <span class='ocrx_word' id='word_1_118' title='bbox 306 1728 407 1794; x_wconf 86' lang='lat' dir='ltr'><strong>tantum</strong></span> <span class='ocrx_word' id='word_1_119' title='bbox 428 1738 507 1778; x_wconf 83' lang='lat' dir='ltr'><strong>mann</strong></span> <span class='ocrx_word' id='word_1_120' title='bbox 521 1724 643 1794; x_wconf 84' lang='lat' dir='ltr'><strong>praedati</strong></span> <span class='ocrx_word' id='word_1_121' title='bbox 660 1724 784 1793; x_wconf 86' lang='lat' dir='ltr'><strong>inerant,</strong></span> <span class='ocrx_word' id='word_1_122' title='bbox 806 1740 862 1779; x_wconf 84' lang='lat' dir='ltr'><strong>nan</strong></span> <span class='ocrx_word' id='word_1_123' title='bbox 882 1723 954 1778; x_wconf 90' lang='lat' dir='ltr'><strong>insto</strong></span> <span class='ocrx_word' id='word_1_124' title='bbox 977 1720 1101 1777; x_wconf 73' lang='lat' dir='ltr'><strong>exercitu</strong></span> <span class='ocrx_word' id='word_1_125' title='bbox 1116 1718 1237 1775; x_wconf 84' lang='lat' dir='ltr'><strong>Romano</strong></span> <span class='ocrx_word' id='word_1_126' title='bbox 1249 1716 1307 1772; x_wconf 89' lang='lat' dir='ltr'><strong>im-</strong></span> 
     </span>
     <span class='ocr_line' id='line_1_15' title="bbox 209 1805 1307 1897; baseline -0.005 -17"><span class='ocrx_word' id='word_1_127' title='bbox 209 1824 288 1896; x_wconf 89' lang='lat' dir='ltr'><strong>perio</strong></span> <span class='ocrx_word' id='word_1_128' title='bbox 311 1840 384 1880; x_wconf 88' lang='lat' dir='ltr'><strong>arma</strong></span> <span class='ocrx_word' id='word_1_129' title='bbox 398 1824 558 1896; x_wconf 86' lang='lat' dir='ltr'><strong>intulerant,</strong></span> <span class='ocrx_word' id='word_1_130' title='bbox 580 1826 608 1881; x_wconf 94' lang='lat' dir='ltr'><strong>in</strong></span> <span class='ocrx_word' id='word_1_131' title='bbox 630 1841 666 1882; x_wconf 90' lang='lat' dir='ltr'><strong>ea</strong></span> <span class='ocrx_word' id='word_1_132' title='bbox 680 1826 768 1896; x_wconf 87' lang='lat' dir='ltr'><strong>aliqua</strong></span> <span class='ocrx_word' id='word_1_133' title='bbox 790 1842 855 1897; x_wconf 84' lang='lat' dir='ltr'><strong>spes</strong></span> <span class='ocrx_word' id='word_1_134' title='bbox 868 1825 958 1896; x_wconf 83' lang='lat' dir='ltr'><strong>posita</strong></span> <span class='ocrx_word' id='word_1_135' title='bbox 981 1829 1039 1879; x_wconf 86' lang='lat' dir='ltr'><strong>erat</strong></span> <span class='ocrx_word' id='word_1_136' title='bbox 1058 1823 1136 1892; x_wconf 84' lang='lat' dir='ltr'><strong>iore,</strong></span> <span class='ocrx_word' id='word_1_137' title='bbox 1159 1805 1307 1876; x_wconf 68' lang='lat' dir='ltr'><strong>adveniam</strong></span> 
     </span>
     <span class='ocr_line' id='line_1_16' title="bbox 208 1924 1307 1999; baseline -0.005 -17"><span class='ocrx_word' id='word_1_138' title='bbox 208 1927 315 1984; x_wconf 78' lang='lat' dir='ltr'><strong>facilius</strong></span> <span class='ocrx_word' id='word_1_139' title='bbox 336 1926 518 1999; x_wconf 83' lang='lat' dir='ltr'><strong>impetrarent.</strong></span> <span class='ocrx_word' id='word_1_140' title='bbox 562 1928 688 1984; x_wconf 80' lang='lat' dir='ltr'><strong>Ceterum</strong></span> <span class='ocrx_word' id='word_1_141' title='bbox 710 1945 765 1985; x_wconf 87' lang='lat' dir='ltr'><strong>non</strong></span> <span class='ocrx_word' id='word_1_142' title='bbox 788 1935 846 1999; x_wconf 88' lang='lat' dir='ltr'><strong>est,</strong></span> <span class='ocrx_word' id='word_1_143' title='bbox 878 1927 951 1998; x_wconf 83' lang='lat' dir='ltr'><strong>quad</strong></span> <span class='ocrx_word' id='word_1_144' title='bbox 973 1926 1115 1997; x_wconf 75' lang='lat' dir='ltr'><strong>egregiam</strong></span> <span class='ocrx_word' id='word_1_145' title='bbox 1135 1924 1230 1994; x_wconf 85' lang='lat' dir='ltr'><strong>iatam,</strong></span> <span class='ocrx_word' id='word_1_146' title='bbox 1254 1938 1307 1993; x_wconf 86' lang='lat' dir='ltr'><strong>qna</strong></span> 
     </span>
     <span class='ocr_line' id='line_1_17' title="bbox 208 2026 1309 2103; baseline -0.006 -16"><span class='ocrx_word' id='word_1_147' title='bbox 208 2030 341 2087; x_wconf 83' lang='lat' dir='ltr'><strong>historiae</strong></span> <span class='ocrx_word' id='word_1_148' title='bbox 361 2030 432 2087; x_wconf 86' lang='lat' dir='ltr'><strong>illius</strong></span> <span class='ocrx_word' id='word_1_149' title='bbox 454 2031 585 2103; x_wconf 88' lang='lat' dir='ltr'><strong>temporis</strong></span> <span class='ocrx_word' id='word_1_150' title='bbox 606 2049 704 2088; x_wconf 85' lang='lat' dir='ltr'><strong>novam</strong></span> <span class='ocrx_word' id='word_1_151' title='bbox 726 2032 815 2089; x_wconf 84' lang='lat' dir='ltr'><strong>lueenr</strong></span> <span class='ocrx_word' id='word_1_152' title='bbox 829 2032 914 2087; x_wconf 85' lang='lat' dir='ltr'><strong>Ritter</strong></span> <span class='ocrx_word' id='word_1_153' title='bbox 936 2029 1038 2099; x_wconf 87' lang='lat' dir='ltr'><strong>attulit,</strong></span> <span class='ocrx_word' id='word_1_154' title='bbox 1063 2026 1234 2100; x_wconf 86' lang='lat' dir='ltr'><strong>opinionem,</strong></span> <span class='ocrx_word' id='word_1_155' title='bbox 1258 2041 1309 2081; x_wconf 87' lang='lat' dir='ltr'><strong>re·</strong></span> 
     </span>
     <span class='ocr_line' id='line_1_18' title="bbox 209 2128 1308 2205; baseline -0.005 -16"><span class='ocrx_word' id='word_1_156' title='bbox 209 2149 273 2205; x_wconf 73' lang='lat' dir='ltr'><strong>gem</strong></span> <span class='ocrx_word' id='word_1_157' title='bbox 294 2149 311 2188; x_wconf 85' lang='lat' dir='ltr'><strong>a</strong></span> <span class='ocrx_word' id='word_1_158' title='bbox 333 2131 519 2188; x_wconf 81' lang='lat' dir='ltr'><strong>Garamantum</strong></span> <span class='ocrx_word' id='word_1_159' title='bbox 540 2134 702 2205; x_wconf 86' lang='lat' dir='ltr'><strong>primoribus</strong></span> <span class='ocrx_word' id='word_1_160' title='bbox 724 2134 759 2189; x_wconf 89' lang='lat' dir='ltr'><strong>ad</strong></span> <span class='ocrx_word' id='word_1_161' title='bbox 781 2134 918 2190; x_wconf 85' lang='lat' dir='ltr'><strong>Romanos</strong></span> <span class='ocrx_word' id='word_1_162' title='bbox 938 2131 1090 2205; x_wconf 79' lang='lat' dir='ltr'><strong>placandos</strong></span> <span class='ocrx_word' id='word_1_163' title='bbox 1110 2130 1231 2185; x_wconf 79' lang='lat' dir='ltr'><strong>fortasse</strong></span> <span class='ocrx_word' id='word_1_164' title='bbox 1253 2128 1308 2184; x_wconf 89' lang='lat' dir='ltr'><strong>de-</strong></span> 
     </span>
     <span class='ocr_line' id='line_1_19' title="bbox 207 2219 1308 2308; baseline -0.008 -13"><span class='ocrx_word' id='word_1_165' title='bbox 207 2236 312 2308; x_wconf 78' lang='lat' dir='ltr'><strong>pulsum</strong></span> <span class='ocrx_word' id='word_1_166' title='bbox 334 2251 414 2306; x_wconf 86' lang='lat' dir='ltr'><strong>esse,</strong></span> <span class='ocrx_word' id='word_1_167' title='bbox 437 2236 595 2293; x_wconf 83' lang='lat' dir='ltr'><strong>solemniter</strong></span> <span class='ocrx_word' id='word_1_168' title='bbox 621 2219 754 2293; x_wconf 46' lang='lat' dir='ltr'><strong>refutem,</strong></span> <span class='ocrx_word' id='word_1_169' title='bbox 789 2236 886 2293; x_wconf 86' lang='lat' dir='ltr'><strong>Nonne</strong></span> <span class='ocrx_word' id='word_1_170' title='bbox 906 2235 955 2291; x_wconf 77' lang='lat' dir='ltr'><strong>titi</strong></span> <span class='ocrx_word' id='word_1_171' title='bbox 981 2234 1080 2291; x_wconf 73' lang='lat' dir='ltr'><strong>redibit</strong></span> <span class='ocrx_word' id='word_1_172' title='bbox 1101 2233 1128 2287; x_wconf 93' lang='lat' dir='ltr'><strong>in</strong></span> <span class='ocrx_word' id='word_1_173' title='bbox 1150 2230 1308 2289; x_wconf 81' lang='lat' dir='ltr'><strong>memoriam</strong></span> 
     </span>
     <span class='ocr_line' id='line_1_20' title="bbox 207 2335 424 2395; baseline -0.005 0"><span class='ocrx_word' id='word_1_174' title='bbox 207 2336 273 2395; x_wconf 89' lang='lat' dir='ltr'><strong>illud</strong></span> <span class='ocrx_word' id='word_1_175' title='bbox 296 2335 424 2395; x_wconf 82' lang='lat' dir='ltr'><strong>Goetlrii?</strong></span> 
     </span>
    </p>

    <p class='ocr_par' dir='ltr' id='par_1_5' title="bbox 412 2431 1022 2517">
     <span class='ocr_line' id='line_1_21' title="bbox 412 2431 1022 2517; baseline 0.002 -22"><span class='ocrx_word' id='word_1_176' title='bbox 412 2431 466 2508; x_wconf 67' lang='lat' dir='ltr'><strong>{tar</strong></span> <span class='ocrx_word' id='word_1_177' title='bbox 487 2432 627 2517; x_wconf 62' lang='lat' dir='ltr'><strong>tatiepm</strong></span> <span class='ocrx_word' id='word_1_178' title='bbox 649 2432 703 2513; x_wconf 76' lang='lat' dir='ltr'><strong>icit</strong></span> <span class='ocrx_word' id='word_1_179' title='bbox 725 2431 800 2514; x_wconf 65' lang='lat' dir='ltr'><strong>iiiiii</strong></span> <span class='ocrx_word' id='word_1_180' title='bbox 821 2436 877 2496; x_wconf 78' lang='lat' dir='ltr'><strong>aab</strong></span> <span class='ocrx_word' id='word_1_181' title='bbox 898 2431 1022 2496; x_wconf 79' lang='lat' dir='ltr'><strong>manieti</strong></span> 
     </span>
    </p>

    <p class='ocr_par' dir='ltr' id='par_1_6' title="bbox 412 2534 1068 2619">
     <span class='ocr_line' id='line_1_22' title="bbox 412 2534 1068 2619; baseline 0 -17"><span class='ocrx_word' id='word_1_182' title='bbox 412 2534 476 2619; x_wconf 70' lang='lat' dir='ltr'><strong>tagi</strong></span> <span class='ocrx_word' id='word_1_183' title='bbox 497 2534 574 2616; x_wconf 49' lang='lat' dir='ltr'><strong>itr&#39;a,</strong></span> <span class='ocrx_word' id='word_1_184' title='bbox 589 2534 657 2618; x_wconf 73' lang='lat' dir='ltr'><strong>nidi</strong></span> <span class='ocrx_word' id='word_1_185' title='bbox 678 2546 748 2615; x_wconf 78' lang='lat' dir='ltr'><strong>aaa,</strong></span> <span class='ocrx_word' id='word_1_186' title='bbox 771 2536 797 2616; x_wconf 78' lang='lat' dir='ltr'><strong>[a</strong></span> <span class='ocrx_word' id='word_1_187' title='bbox 819 2536 875 2619; x_wconf 72' lang='lat' dir='ltr'><strong>iept</strong></span> <span class='ocrx_word' id='word_1_188' title='bbox 896 2544 956 2600; x_wconf 77' lang='lat' dir='ltr'><strong>aaa</strong></span> <span class='ocrx_word' id='word_1_189' title='bbox 977 2539 1068 2602; x_wconf 79' lang='lat' dir='ltr'><strong>ualet.</strong></span> 
     </span>
    </p>

    <p class='ocr_par' dir='ltr' id='par_1_7' title="bbox 210 2645 1309 3233">
     <span class='ocr_line' id='line_1_23' title="bbox 311 2645 1308 2721; baseline 0 -19"><span class='ocrx_word' id='word_1_190' title='bbox 311 2645 435 2718; x_wconf 88' lang='lat' dir='ltr'><strong>Eodem,</strong></span> <span class='ocrx_word' id='word_1_191' title='bbox 458 2666 512 2720; x_wconf 84' lang='lat' dir='ltr'><strong>qno</strong></span> <span class='ocrx_word' id='word_1_192' title='bbox 531 2649 590 2705; x_wconf 85' lang='lat' dir='ltr'><strong>lae.</strong></span> <span class='ocrx_word' id='word_1_193' title='bbox 604 2649 735 2706; x_wconf 85' lang='lat' dir='ltr'><strong>Gronovii</strong></span> <span class='ocrx_word' id='word_1_194' title='bbox 758 2649 928 2719; x_wconf 87' lang='lat' dir='ltr'><strong>emendatio,</strong></span> <span class='ocrx_word' id='word_1_195' title='bbox 952 2650 1023 2705; x_wconf 83' lang='lat' dir='ltr'><strong>redit</strong></span> <span class='ocrx_word' id='word_1_196' title='bbox 1045 2650 1203 2721; x_wconf 74' lang='lat' dir='ltr'><strong>coniectura</strong></span> <span class='ocrx_word' id='word_1_197' title='bbox 1225 2646 1308 2720; x_wconf 73' lang='lat' dir='ltr'><strong>lipsii</strong></span> 
     </span>
     <span class='ocr_line' id='line_1_24' title="bbox 212 2738 1309 2824; baseline 0 -20"><span class='ocrx_word' id='word_1_198' title='bbox 212 2757 240 2805; x_wconf 86' lang='lat' dir='ltr'><strong>el</strong></span> <span class='ocrx_word' id='word_1_199' title='bbox 262 2748 364 2821; x_wconf 81' lang='lat' dir='ltr'><strong>culpae</strong></span> <span class='ocrx_word' id='word_1_200' title='bbox 387 2751 503 2806; x_wconf 80' lang='lat' dir='ltr'><strong>coarcta</strong></span> <span class='ocrx_word' id='word_1_201' title='bbox 525 2738 642 2817; x_wconf 64' lang='lat' dir='ltr'><strong>(Esaia)</strong></span> <span class='ocrx_word' id='word_1_202' title='bbox 665 2758 711 2807; x_wconf 89' lang='lat' dir='ltr'><strong>aut</strong></span> <span class='ocrx_word' id='word_1_203' title='bbox 732 2752 830 2822; x_wconf 78' lang='lat' dir='ltr'><strong>Rpelsii</strong></span> <span class='ocrx_word' id='word_1_204' title='bbox 852 2768 907 2808; x_wconf 83' lang='lat' dir='ltr'><strong>aaa</strong></span> <span class='ocrx_word' id='word_1_205' title='bbox 928 2752 1033 2824; x_wconf 82' lang='lat' dir='ltr'><strong>calpae</strong></span> <span class='ocrx_word' id='word_1_206' title='bbox 1055 2754 1169 2824; x_wconf 63' lang='lat' dir='ltr'><strong>naama,-</strong></span> <span class='ocrx_word' id='word_1_207' title='bbox 1191 2751 1242 2807; x_wconf 85' lang='lat' dir='ltr'><strong>sed</strong></span> <span class='ocrx_word' id='word_1_208' title='bbox 1262 2749 1309 2805; x_wconf 87' lang='lat' dir='ltr'><strong>illa</strong></span> 
     </span>
     <span class='ocr_line' id='line_1_25' title="bbox 210 2851 1308 2924; baseline 0.002 -17"><span class='ocrx_word' id='word_1_209' title='bbox 210 2851 293 2908; x_wconf 85' lang='lat' dir='ltr'><strong>multo</strong></span> <span class='ocrx_word' id='word_1_210' title='bbox 323 2857 481 2923; x_wconf 85' lang='lat' dir='ltr'><strong>praestata</strong></span> <span class='ocrx_word' id='word_1_211' title='bbox 509 2852 616 2909; x_wconf 86' lang='lat' dir='ltr'><strong>ratione</strong></span> <span class='ocrx_word' id='word_1_212' title='bbox 638 2853 876 2924; x_wconf 75' lang='lat' dir='ltr'><strong>palaeograptdoa.</strong></span> <span class='ocrx_word' id='word_1_213' title='bbox 920 2856 983 2910; x_wconf 79' lang='lat' dir='ltr'><strong>Noa</strong></span> <span class='ocrx_word' id='word_1_214' title='bbox 1010 2858 1124 2912; x_wconf 78' lang='lat' dir='ltr'><strong>nescias</strong></span> <span class='ocrx_word' id='word_1_215' title='bbox 1144 2856 1241 2910; x_wconf 87' lang='lat' dir='ltr'><strong>iterum</strong></span> <span class='ocrx_word' id='word_1_216' title='bbox 1262 2853 1308 2909; x_wconf 88' lang='lat' dir='ltr'><strong>le-</strong></span> 
     </span>
     <span class='ocr_line' id='line_1_26' title="bbox 212 2953 1308 3029; baseline 0.001 -20"><span class='ocrx_word' id='word_1_217' title='bbox 212 2955 285 3025; x_wconf 76' lang='lat' dir='ltr'><strong>gitur</strong></span> <span class='ocrx_word' id='word_1_218' title='bbox 313 2970 338 3010; x_wconf 86' lang='lat' dir='ltr'><strong>e.</strong></span> <span class='ocrx_word' id='word_1_219' title='bbox 367 2953 434 3026; x_wconf 63' lang='lat'><strong>32„</strong></span> <span class='ocrx_word' id='word_1_220' title='bbox 464 2955 542 3011; x_wconf 80' lang='lat' dir='ltr'><strong>laad</strong></span> <span class='ocrx_word' id='word_1_221' title='bbox 568 2958 682 3012; x_wconf 78' lang='lat' dir='ltr'><strong>nescias</strong></span> <span class='ocrx_word' id='word_1_222' title='bbox 711 2955 744 3010; x_wconf 86' lang='grc' dir='ltr'><strong>Α.</strong></span> <span class='ocrx_word' id='word_1_223' title='bbox 767 2956 807 3025; x_wconf 90' lang='lat' dir='ltr'><strong>ll,</strong></span> <span class='ocrx_word' id='word_1_224' title='bbox 832 2956 881 3010; x_wconf 83' lang='lat'><strong>55.</strong></span> <span class='ocrx_word' id='word_1_225' title='bbox 910 2956 963 3028; x_wconf 85' lang='lat' dir='ltr'><strong>lv,</strong></span> <span class='ocrx_word' id='word_1_226' title='bbox 988 2958 1037 3013; x_wconf 86' lang='lat'><strong>50.</strong></span> <span class='ocrx_word' id='word_1_227' title='bbox 1060 2959 1126 3029; x_wconf 81' lang='lat' dir='ltr'><strong>XV,</strong></span> <span class='ocrx_word' id='word_1_228' title='bbox 1159 2957 1210 3013; x_wconf 84' lang='grc'><strong>68.</strong></span> <span class='ocrx_word' id='word_1_229' title='bbox 1238 2961 1308 3012; x_wconf 86' lang='lat' dir='ltr'><strong>extr.</strong></span> 
     </span>
     <span class='ocr_line' id='line_1_27' title="bbox 211 3057 1309 3132; baseline 0.002 -21"><span class='ocrx_word' id='word_1_230' title='bbox 211 3073 270 3112; x_wconf 83' lang='lat' dir='ltr'><strong>aaa</strong></span> <span class='ocrx_word' id='word_1_231' title='bbox 296 3058 416 3129; x_wconf 75' lang='lat' dir='ltr'><strong>ipaaraa</strong></span> <span class='ocrx_word' id='word_1_232' title='bbox 444 3057 477 3114; x_wconf 80' lang='grc' dir='ltr'><strong>Α.</strong></span> <span class='ocrx_word' id='word_1_233' title='bbox 500 3059 556 3129; x_wconf 86' lang='lat' dir='ltr'><strong>lv,</strong></span> <span class='ocrx_word' id='word_1_234' title='bbox 580 3058 630 3114; x_wconf 86' lang='lat'><strong>53.</strong></span> <span class='ocrx_word' id='word_1_235' title='bbox 652 3059 705 3128; x_wconf 78' lang='lat' dir='ltr'><strong>xl,</strong></span> <span class='ocrx_word' id='word_1_236' title='bbox 730 3057 778 3112; x_wconf 79' lang='lat'><strong>18.</strong></span> <span class='ocrx_word' id='word_1_237' title='bbox 809 3075 848 3130; x_wconf 87' lang='lat' dir='ltr'><strong>pr.</strong></span> <span class='ocrx_word' id='word_1_238' title='bbox 870 3059 948 3129; x_wconf 83' lang='lat' dir='ltr'><strong>XIV,</strong></span> <span class='ocrx_word' id='word_1_239' title='bbox 972 3058 1020 3117; x_wconf 83' lang='lat'><strong>53.</strong></span> <span class='ocrx_word' id='word_1_240' title='bbox 1050 3077 1091 3132; x_wconf 88' lang='lat' dir='ltr'><strong>pr.</strong></span> <span class='ocrx_word' id='word_1_241' title='bbox 1141 3059 1309 3131; x_wconf 87' lang='lat' dir='ltr'><strong>Frequenter</strong></span> 
     </span>
     <span class='ocr_line' id='line_1_28' title="bbox 211 3158 1165 3233; baseline 0.005 -20"><span class='ocrx_word' id='word_1_242' title='bbox 211 3158 294 3233; x_wconf 82' lang='lat' dir='ltr'><strong>igitur</strong></span> <span class='ocrx_word' id='word_1_243' title='bbox 314 3178 379 3217; x_wconf 82' lang='lat' dir='ltr'><strong>naus</strong></span> <span class='ocrx_word' id='word_1_244' title='bbox 401 3167 444 3217; x_wconf 89' lang='lat' dir='ltr'><strong>est</strong></span> <span class='ocrx_word' id='word_1_245' title='bbox 466 3160 575 3216; x_wconf 82' lang='lat' dir='ltr'><strong>Tacitus</strong></span> <span class='ocrx_word' id='word_1_246' title='bbox 597 3160 698 3232; x_wconf 79' lang='lat' dir='ltr'><strong>duplici</strong></span> <span class='ocrx_word' id='word_1_247' title='bbox 719 3161 868 3231; x_wconf 76' lang='lat' dir='ltr'><strong>negatione</strong></span> <span class='ocrx_word' id='word_1_248' title='bbox 889 3161 916 3217; x_wconf 90' lang='lat' dir='ltr'><strong>in</strong></span> <span class='ocrx_word' id='word_1_249' title='bbox 938 3163 1029 3219; x_wconf 87' lang='lat' dir='ltr'><strong>verbis</strong></span> <span class='ocrx_word' id='word_1_250' title='bbox 1052 3162 1165 3221; x_wconf 79' lang='lat' dir='ltr'><strong>sciendi.</strong></span> 
     </span>
    </p>

    <p class='ocr_par' dir='ltr' id='par_1_8' title="bbox 212 3261 1310 3646">
     <span class='ocr_line' id='line_1_29' title="bbox 313 3261 1307 3336; baseline 0.002 -18"><span class='ocrx_word' id='word_1_251' title='bbox 313 3262 419 3319; x_wconf 82' lang='lat' dir='ltr'><strong>Eadem</strong></span> <span class='ocrx_word' id='word_1_252' title='bbox 439 3261 487 3317; x_wconf 89' lang='lat' dir='ltr'><strong>illo</strong></span> <span class='ocrx_word' id='word_1_253' title='bbox 502 3262 624 3334; x_wconf 76' lang='lat' dir='ltr'><strong>syllabae</strong></span> <span class='ocrx_word' id='word_1_254' title='bbox 638 3280 675 3320; x_wconf 83' lang='lat' dir='ltr'><strong>aa</strong></span> <span class='ocrx_word' id='word_1_255' title='bbox 688 3264 851 3335; x_wconf 78' lang='lat' dir='ltr'><strong>compendio</strong></span> <span class='ocrx_word' id='word_1_256' title='bbox 869 3264 960 3320; x_wconf 86' lang='lat' dir='ltr'><strong>nititur</strong></span> <span class='ocrx_word' id='word_1_257' title='bbox 973 3265 1117 3336; x_wconf 73' lang='lat' dir='ltr'><strong>ingeniosa</strong></span> <span class='ocrx_word' id='word_1_258' title='bbox 1139 3264 1307 3336; x_wconf 76' lang='lat' dir='ltr'><strong>coniectura,</strong></span> 
     </span>
     <span class='ocr_line' id='line_1_30' title="bbox 213 3362 1305 3439; baseline 0.004 -19"><span class='ocrx_word' id='word_1_259' title='bbox 213 3379 264 3436; x_wconf 88' lang='lat' dir='ltr'><strong>qna</strong></span> <span class='ocrx_word' id='word_1_260' title='bbox 285 3362 466 3419; x_wconf 85' lang='lat' dir='ltr'><strong>Doederlinns</strong></span> <span class='ocrx_word' id='word_1_261' title='bbox 488 3362 521 3419; x_wconf 74' lang='lat' dir='ltr'><strong>A.</strong></span> <span class='ocrx_word' id='word_1_262' title='bbox 542 3364 597 3435; x_wconf 86' lang='lat' dir='ltr'><strong>lv,</strong></span> <span class='ocrx_word' id='word_1_263' title='bbox 621 3363 670 3421; x_wconf 78' lang='lat'><strong>26.</strong></span> <span class='ocrx_word' id='word_1_264' title='bbox 694 3372 763 3423; x_wconf 86' lang='lat' dir='ltr'><strong>exta.</strong></span> <span class='ocrx_word' id='word_1_265' title='bbox 792 3374 945 3439; x_wconf 77' lang='lat' dir='ltr'><strong>corruptam</strong></span> <span class='ocrx_word' id='word_1_266' title='bbox 966 3368 1027 3423; x_wconf 87' lang='lat' dir='ltr'><strong>listi</strong></span> <span class='ocrx_word' id='word_1_267' title='bbox 1049 3368 1195 3425; x_wconf 81' lang='lat' dir='ltr'><strong>lectionem</strong></span> <span class='ocrx_word' id='word_1_268' title='bbox 1216 3384 1305 3439; x_wconf 82' lang='lat' dir='ltr'><strong>repe-</strong></span> 
     </span>
     <span class='ocr_line' id='line_1_31' title="bbox 213 3468 1309 3543; baseline 0.004 -22"><span class='ocrx_word' id='word_1_269' title='bbox 213 3468 281 3522; x_wconf 83' lang='lat' dir='ltr'><strong>titas</strong></span> <span class='ocrx_word' id='word_1_270' title='bbox 304 3482 341 3520; x_wconf 74' lang='lat' dir='ltr'><strong>as</strong></span> <span class='ocrx_word' id='word_1_271' title='bbox 360 3473 469 3523; x_wconf 83' lang='lat' dir='ltr'><strong>aetasta</strong></span> <span class='ocrx_word' id='word_1_272' title='bbox 491 3483 569 3523; x_wconf 83' lang='lat' dir='ltr'><strong>mara</strong></span> <span class='ocrx_word' id='word_1_273' title='bbox 585 3469 757 3541; x_wconf 71' lang='lat' dir='ltr'><strong>amissaeque</strong></span> <span class='ocrx_word' id='word_1_274' title='bbox 780 3486 795 3526; x_wconf 86' lang='lat' dir='ltr'><strong>e</strong></span> <span class='ocrx_word' id='word_1_275' title='bbox 817 3468 1013 3541; x_wconf 80' lang='lat' dir='ltr'><strong>senatoribus,</strong></span> <span class='ocrx_word' id='word_1_276' title='bbox 1036 3472 1084 3543; x_wconf 84' lang='lat' dir='ltr'><strong>qai</strong></span> <span class='ocrx_word' id='word_1_277' title='bbox 1104 3487 1163 3542; x_wconf 83' lang='lat' dir='ltr'><strong>sqq.</strong></span> <span class='ocrx_word' id='word_1_278' title='bbox 1185 3471 1255 3526; x_wconf 86' lang='lat' dir='ltr'><strong>huno</strong></span> <span class='ocrx_word' id='word_1_279' title='bbox 1280 3470 1309 3525; x_wconf 87' lang='lat' dir='ltr'><strong>in</strong></span> 
     </span>
     <span class='ocr_line' id='line_1_32' title="bbox 212 3563 1310 3646; baseline 0.006 -24"><span class='ocrx_word' id='word_1_280' title='bbox 212 3565 322 3624; x_wconf 90' lang='lat' dir='ltr'><strong>modum</strong></span> <span class='ocrx_word' id='word_1_281' title='bbox 347 3563 423 3639; x_wconf 78' lang='lat'><strong>¹²⁹)</strong></span> <span class='ocrx_word' id='word_1_282' title='bbox 444 3569 610 3627; x_wconf 86' lang='lat' dir='ltr'><strong>emendavit:</strong></span> <span class='ocrx_word' id='word_1_283' title='bbox 632 3573 769 3646; x_wconf 80' lang='lat' dir='ltr'><strong>repetitas</strong></span> <span class='ocrx_word' id='word_1_284' title='bbox 792 3590 829 3630; x_wconf 76' lang='lat' dir='ltr'><strong>ea</strong></span> <span class='ocrx_word' id='word_1_285' title='bbox 850 3581 960 3631; x_wconf 82' lang='lat' dir='ltr'><strong>vetusto</strong></span> <span class='ocrx_word' id='word_1_286' title='bbox 987 3590 1065 3632; x_wconf 83' lang='lat' dir='ltr'><strong>more</strong></span> <span class='ocrx_word' id='word_1_287' title='bbox 1086 3575 1213 3646; x_wconf 79' lang='lat' dir='ltr'><strong>lanas,</strong></span> <span class='ocrx_word' id='word_1_288' title='bbox 1235 3573 1310 3629; x_wconf 83' lang='lat' dir='ltr'><strong>mia-</strong></span> 
     </span>
    </p>
   </div>
   <div class='ocr_carea' id='block_1_5' title="bbox 215 3733 468 3749">
    <p class='ocr_par' dir='ltr' id='par_1_9' title="bbox 215 3733 468 3749">
     <span class='ocr_line' id='line_1_33' title="bbox 215 3733 468 3749; baseline -0.004 -2"><span class='ocrx_word' id='word_1_289' title='bbox 215 3733 468 3749; x_wconf 54' lang='lat' dir='ltr'><strong>muro—v„-</strong></span> 
     </span>
    </p>
   </div>
   <div class='ocr_carea' id='block_1_6' title="bbox 230 3837 1315 4258">
    <p class='ocr_par' dir='ltr' id='par_1_10' title="bbox 233 3837 1312 3915">
     <span class='ocr_line' id='line_1_34' title="bbox 233 3837 1312 3915; baseline 0.003 -19"><span class='ocrx_word' id='word_1_290' title='bbox 233 3837 297 3906; x_wconf 82' lang='lat'>129)</span> <span class='ocrx_word' id='word_1_291' title='bbox 315 3839 344 3892; x_wconf 90' lang='lat' dir='ltr'><strong>ln</strong></span> <span class='ocrx_word' id='word_1_292' title='bbox 363 3856 395 3895; x_wconf 91' lang='lat' dir='ltr'><strong>ea</strong></span> <span class='ocrx_word' id='word_1_293' title='bbox 413 3849 511 3893; x_wconf 85' lang='lat' dir='ltr'><strong>tantuna</strong></span> <span class='ocrx_word' id='word_1_294' title='bbox 529 3844 624 3896; x_wconf 86' lang='lat' dir='ltr'><strong>leviter</strong></span> <span class='ocrx_word' id='word_1_295' title='bbox 642 3847 739 3899; x_wconf 82' lang='lat' dir='ltr'><strong>erravit</strong></span> <span class='ocrx_word' id='word_1_296' title='bbox 758 3847 800 3897; x_wconf 88' lang='lat' dir='ltr'><strong>vir</strong></span> <span class='ocrx_word' id='word_1_297' title='bbox 817 3845 1017 3913; x_wconf 79' lang='lat' dir='ltr'><strong>sagacissimus,</strong></span> <span class='ocrx_word' id='word_1_298' title='bbox 1042 3847 1113 3915; x_wconf 88' lang='lat' dir='ltr'><strong>quod</strong></span> <span class='ocrx_word' id='word_1_299' title='bbox 1131 3847 1228 3900; x_wconf 85' lang='lat' dir='ltr'><strong>amissa</strong></span> <span class='ocrx_word' id='word_1_300' title='bbox 1244 3861 1312 3913; x_wconf 85' lang='lat' dir='ltr'><strong>par·</strong></span> 
     </span>
    </p>

    <p class='ocr_par' dir='ltr' id='par_1_11' title="bbox 230 3926 1315 4258">
     <span class='ocr_line' id='line_1_35' title="bbox 230 3926 1315 4002; baseline 0.006 -22"><span class='ocrx_word' id='word_1_301' title='bbox 230 3995 233 3999; x_wconf 30' lang='grc'><strong>,</strong></span> <span class='ocrx_word' id='word_1_302' title='bbox 298 3926 380 3980; x_wconf 81' lang='lat' dir='ltr'><strong>ticula</strong></span> <span class='ocrx_word' id='word_1_303' title='bbox 397 3945 460 3994; x_wconf 79' lang='lat' dir='ltr'><strong>que,</strong></span> <span class='ocrx_word' id='word_1_304' title='bbox 480 3945 547 3996; x_wconf 87' lang='lat' dir='ltr'><strong>quae</strong></span> <span class='ocrx_word' id='word_1_305' title='bbox 561 3939 588 3982; x_wconf 90' lang='lat' dir='ltr'><strong>et</strong></span> <span class='ocrx_word' id='word_1_306' title='bbox 605 3932 631 3981; x_wconf 90' lang='lat' dir='ltr'><strong>in</strong></span> <span class='ocrx_word' id='word_1_307' title='bbox 643 3930 702 3985; x_wconf 81' lang='lat' dir='ltr'><strong>cod.</strong></span> <span class='ocrx_word' id='word_1_308' title='bbox 713 3931 834 3984; x_wconf 80' lang='lat' dir='ltr'><strong>Medicea</strong></span> <span class='ocrx_word' id='word_1_309' title='bbox 854 3940 939 3997; x_wconf 78' lang='lat' dir='ltr'><strong>extat,</strong></span> <span class='ocrx_word' id='word_1_310' title='bbox 959 3940 984 3984; x_wconf 87' lang='lat' dir='ltr'><strong>et</strong></span> <span class='ocrx_word' id='word_1_311' title='bbox 995 3948 1075 3986; x_wconf 84' lang='lat' dir='ltr'><strong>sensu</strong></span> <span class='ocrx_word' id='word_1_312' title='bbox 1092 3941 1171 4002; x_wconf 87' lang='lat' dir='ltr'><strong>atque</strong></span> <span class='ocrx_word' id='word_1_313' title='bbox 1182 3934 1315 3986; x_wconf 85' lang='lat' dir='ltr'><strong>orationis</strong></span> 
     </span>
     <span class='ocr_line' id='line_1_36' title="bbox 288 4013 1315 4087; baseline 0.003 -19"><span class='ocrx_word' id='word_1_314' title='bbox 288 4013 508 4069; x_wconf 80' lang='lat' dir='ltr'><strong>·coniaamatiane</strong></span> <span class='ocrx_word' id='word_1_315' title='bbox 521 4015 692 4085; x_wconf 79' lang='lat' dir='ltr'><strong>efflagitatur,</strong></span> <span class='ocrx_word' id='word_1_316' title='bbox 710 4020 831 4087; x_wconf 82' lang='lat' dir='ltr'><strong>repetitus</strong></span> <span class='ocrx_word' id='word_1_317' title='bbox 850 4054 856 4067; x_wconf 93' lang='lat'><em>.</em></span> <span class='ocrx_word' id='word_1_318' title='bbox 876 4055 884 4071; x_wconf 82' lang='lat'><strong>.</strong></span> <span class='ocrx_word' id='word_1_319' title='bbox 903 4055 910 4068; x_wconf 85' lang='lat'><em>.</em></span> <span class='ocrx_word' id='word_1_320' title='bbox 928 4020 1022 4082; x_wconf 73' lang='lat' dir='ltr'><strong>lonas,</strong></span> <span class='ocrx_word' id='word_1_321' title='bbox 1040 4022 1132 4071; x_wconf 76' lang='lat' dir='ltr'><strong>missas</strong></span> <span class='ocrx_word' id='word_1_322' title='bbox 1149 4038 1163 4072; x_wconf 80' lang='lat' dir='ltr'><strong>a</strong></span> <span class='ocrx_word' id='word_1_323' title='bbox 1180 4022 1315 4072; x_wconf 74' lang='lat' dir='ltr'><strong>senatori-</strong></span> 
     </span>
     <span class='ocr_line' id='line_1_37' title="bbox 300 4094 1314 4173; baseline 0.007 -23"><span class='ocrx_word' id='word_1_324' title='bbox 300 4100 346 4151; x_wconf 79' lang='lat' dir='ltr'><strong>das</strong></span> <span class='ocrx_word' id='word_1_325' title='bbox 363 4100 504 4169; x_wconf 77' lang='lat' dir='ltr'><strong>legendum</strong></span> <span class='ocrx_word' id='word_1_326' title='bbox 523 4103 626 4156; x_wconf 78' lang='lat' dir='ltr'><strong>censuit</strong></span> <span class='ocrx_word' id='word_1_327' title='bbox 648 4094 730 4171; x_wconf 84' lang='lat' dir='ltr'><strong>atque</strong></span> <span class='ocrx_word' id='word_1_328' title='bbox 750 4103 831 4171; x_wconf 82' lang='lat' dir='ltr'><strong>lipsii</strong></span> <span class='ocrx_word' id='word_1_329' title='bbox 851 4104 1060 4159; x_wconf 82' lang='lat' dir='ltr'><strong>emendationem</strong></span> <span class='ocrx_word' id='word_1_330' title='bbox 1084 4123 1117 4156; x_wconf 75' lang='lat' dir='ltr'><strong>aa</strong></span> <span class='ocrx_word' id='word_1_331' title='bbox 1134 4113 1229 4158; x_wconf 78' lang='lat' dir='ltr'><strong>antarta</strong></span> <span class='ocrx_word' id='word_1_332' title='bbox 1246 4121 1314 4173; x_wconf 82' lang='lat' dir='ltr'><strong>maa,</strong></span> 
     </span>
     <span class='ocr_line' id='line_1_38' title="bbox 302 4185 1019 4258; baseline 0.001 -19"><span class='ocrx_word' id='word_1_333' title='bbox 302 4202 369 4255; x_wconf 87' lang='lat' dir='ltr'><strong>qnae</strong></span> <span class='ocrx_word' id='word_1_334' title='bbox 387 4185 468 4241; x_wconf 84' lang='lat' dir='ltr'><strong>hodie</strong></span> <span class='ocrx_word' id='word_1_335' title='bbox 485 4186 622 4258; x_wconf 76' lang='lat' dir='ltr'><strong>vulgatur,</strong></span> <span class='ocrx_word' id='word_1_336' title='bbox 639 4187 772 4242; x_wconf 86' lang='lat' dir='ltr'><strong>Beroaldo</strong></span> <span class='ocrx_word' id='word_1_337' title='bbox 793 4192 870 4243; x_wconf 90' lang='lat' dir='ltr'><strong>etiam</strong></span> <span class='ocrx_word' id='word_1_338' title='bbox 889 4189 1019 4257; x_wconf 78' lang='lat' dir='ltr'><strong>ascripsit.</strong></span> 
     </span>
    </p>
   </div>
   <div class='ocr_carea' id='block_1_7' title="bbox 0 0 1478 4775">
    <p class='ocr_par' dir='ltr' id='par_1_12' title="bbox 0 0 1478 4775">
     <span class='ocr_line' id='line_1_39' title="bbox 0 0 1478 4775; baseline 0 0"><span class='ocrx_word' id='word_1_339' title='bbox 0 0 1478 4775; x_wconf 95' lang='lat' dir='ltr'><strong> </strong></span> 
     </span>
    </p>
   </div>
  </div>
 </body>
</html>
