2934 4775
691 241 843 332 ..3⁴-

218 456 254 496 ex
275 440 407 512 scriptura
430 456 468 496 as
489 456 524 496 oo
546 439 628 495 modo
657 454 709 510 pro
732 455 770 494 aa
793 438 944 495 commodo.
993 435 1035 492 De
1057 434 1182 505 ratione,
1212 449 1263 504 qna
1292 434 1320 488 in

218 542 352 615 lapidibus
374 549 403 599 et
424 542 566 599 codicibus
590 540 664 597 iistis
687 557 773 613 saepe
795 557 886 612 apro
909 558 947 613 qa
968 538 1112 610 scribitur,
1141 537 1204 594 vide
1233 525 1321 592 Heinss

217 646 330 702 ricbiunn
351 644 386 701 ad
407 645 503 717 fragm.
526 651 594 700 orat.
618 642 674 700 Cic.
696 661 749 715 pro
772 645 876 699 Scauro
898 660 925 714 p.
949 640 998 697 51.
1027 659 1053 697 ιι.
1079 640 1141 713 13,
1163 639 1320 695 Crumerum

220 747 256 803 ad
292 747 388 819 fragm.
418 746 568 803 cratitio.
596 759 648 817 pro
679 746 767 801 Tullio
797 763 823 817 p.
855 743 921 815 db,
943 743 1039 802 Kaisar
1061 744 1096 799 ad
1122 742 1220 813 fragm.
1250 747 1318 796 orst

218 848 276 907 Cic.
297 849 461 922 prolitacco
482 864 509 919 p.
532 846 582 904 91.
605 855 633 904 et
655 848 689 904 ud
709 848 856 905 Frontonis
878 847 955 918 reliq.
978 863 1004 919 p.
1028 846 1078 902 69.
1100 844 1144 902 ed
1166 844 1259 902 Beroi.
1276 867 1317 880 -—

218 951 252 1009 Α.
273 952 345 1022 xiv,
370 949 418 1007 21.
441 951 468 1006 in
490 950 573 1008 codd.
596 951 670 1010 blatis
693 959 721 1007 et
737 951 799 1008 edd.
822 958 886 1007 vett
899 950 1001 1021 legitur
1015 948 1192 1021 cmapitandi
1207 946 1319 1004 Graeca

218 1054 370 1111 certamina
391 1052 605 1125 mapiatrntt'bus
626 1070 748 1110 causam
775 1054 839 1125 sore
861 1068 913 1125 pro
936 1070 960 1108 e.
979 1051 1009 1110 G.
1024 1053 1179 1108 certamina
1194 1051 1317 1122 anapi-

217 1154 354 1213 atratibua
375 1172 399 1212 c.
420 1156 460 1228 f.;
496 1157 571 1228 quod
599 1156 623 1212 si
645 1156 771 1212 Waltber
801 1163 828 1211 et
850 1155 967 1211 baebius
995 1154 1210 1210 terminationem
1239 1154 1318 1209 vocis

220 1260 379 1316 certamina
405 1260 611 1331 respexissent,
646 1266 723 1316 certo
750 1258 983 1331 praepositionem
1011 1274 1030 1312 a
1057 1273 1112 1313 aon
1140 1255 1318 1332 respuissent.

220 1359 251 1417 C.
274 1359 323 1418 36.
346 1367 416 1420 extr.
445 1370 542 1418 certas
569 1370 673 1418 uentu
694 1362 846 1418 Suetonius
875 1376 926 1432 pro
955 1368 1050 1416 certus
1072 1366 1189 1415 eaerum
1211 1359 1317 1415 Sueto·

219 1466 292 1520 na'us.
315 1462 345 1520 0.
369 1463 418 1520 36.
446 1466 477 1519 ia
498 1462 569 1521 arbe
591 1462 746 1520 mandabat
772 1479 824 1535 pro
846 1466 877 1519 in
899 1462 995 1519 urbem
1018 1461 1181 1518 mandabat.
1213 1461 1242 1518 0.
1267 1458 1317 1518 ts,

219 1572 289 1624 esu.
311 1565 394 1622 tectio
417 1565 543 1624 codicum
572 1584 606 1624 ao
624 1568 760 1640 privatim
789 1567 923 1623 miserior
943 1574 972 1623 et
990 1564 1126 1639 publicas
1148 1566 1316 1621 elementiae

220 1708 346 1725 .....
368 1668 498 1739 satarum
525 1685 576 1740 pro
605 1670 716 1740 uulgata
744 1686 778 1725 eo
803 1671 938 1742 privatim
964 1670 1140 1724 iuueniorem
1168 1676 1243 1741 etp.
1265 1674 1319 1723 etc.

220 1775 279 1826 orta
302 1775 346 1827 est
364 1786 402 1828 en
424 1772 556 1843 scriptura
586 1772 728 1844 archetypi
756 1767 905 1829 miseriore
930 1780 960 1834 et
983 1769 1098 1844 publice
1120 1778 1172 1828 etc.
1201 1771 1235 1828 Α.
1258 1772 1318 1840 itu,

220 1872 248 1929 9.
270 1874 301 1928 ia
323 1890 378 1946 pao
401 1890 477 1930 suaa
505 1890 556 1946 pro
584 1877 615 1930 a'n
637 1893 707 1948 quos
729 1891 815 1931 anea.
860 1874 890 1930 C.
914 1873 963 1934 28.
992 1874 1083 1929 bonor
1105 1874 1167 1944 ejas
1187 1889 1239 1944 pro
1260 1874 1318 1930 bo-

218 1992 290 2034 nore
312 1975 382 2048 ejas
426 1976 456 2032 C.
480 1975 529 2032 37.
553 1977 634 2035 codd.
657 1977 771 2034 abdit.
795 1979 839 2034 ed.
861 1978 931 2049 Spir.
961 1978 1093 2050 coempta
1114 1976 1239 2048 referum
1265 1991 1319 2031 en·

218 2079 312 2138 uttan
345 2094 396 2149 pro
425 2078 546 2135 lectione
576 2079 638 2135 edd.
667 2079 809 2150 Bernegg.
841 2080 961 2136 Gronov.
996 2079 1083 2150 Ryck.
1112 2079 1213 2152 Waltb.
1236 2079 1319 2136 Bacb.

220 2181 281 2237 Ritt.
312 2178 380 2251 Rnp.
408 2179 496 2236 Doed.
527 2182 673 2253 coemptor
699 2182 840 2251 referans,
870 2197 948 2252 quain
976 2181 1003 2236 in
1032 2180 1095 2237 eod.
1118 2182 1168 2240 bia.
1199 2182 1321 2253 repperit

219 2282 346 2340 Piebena.
370 2282 466 2337 (1.66.
488 2284 659 2354 coniaiapro
683 2286 814 2340 comino.
842 2283 962 2353 111111,
988 2282 1035 2339 10.
1058 2283 1173 2339 Palatia
1185 2299 1236 2355 pro
1248 2276 1319 2340 Pol-

219 2384 301 2443 tutia.
330 2383 413 2456 11.·1,
437 2385 464 2443 5.
488 2402 653 2458 oppressas:
677 2395 705 2443 et
725 2404 777 2459 pro
800 2404 965 2461 oppressas:
988 2395 1039 2445 set.
1076 2386 1106 2442 (1.
1132 2384 1179 2442 11.
1202 2404 1321 2445 cessura
1367 2430 1376 2443 .

219 2496 304 2547 erum
325 2505 376 2560 pro
399 2505 537 2547 cessurae
559 2498 653 2546 erant.
697 2490 727 2548 G.
752 2489 801 2546 33.
833 2489 979 2549 obsidione
1007 2490 1137 2547 nimirum
1164 2505 1215 2562 pro
1239 2488 1319 2545 obsi·

219 2592 330 2647 dionem
351 2591 495 2662 nimirum
517 2592 595 2649 litera
616 2610 644 2648 m
666 2609 681 2649 a
703 2594 808 2664 syllaba
830 2595 861 2649 ni
882 2593 978 2650 iisdem
999 2593 1059 2650 iere
1081 2592 1205 2649 ductibus
1219 2592 1320 2664 seripta

219 2693 424 2753 absorbebatur.
468 2693 499 2750 11.
522 2695 563 2766 11,
596 2693 621 2752 1.
648 2697 782 2757 uictoris:
812 2704 840 2751 et
869 2712 920 2766 pro
948 2698 1080 2771 victoris:
1115 2703 1158 2753 set
1192 2695 1321 2752 exhibent

220 2797 301 2854 codd.
324 2796 386 2854 bisti
407 2804 435 2854 et
457 2798 520 2855 edd.
534 2806 598 2855 vett.
628 2797 659 2854 H.
680 2798 732 2869 111,
757 2800 784 2854 5.
816 2797 969 2854 trabuntur
990 2800 1021 2853 in
1039 2807 1125 2870 parte
1147 2798 1214 2854 Sido
1234 2805 1320 2870 ctpac

220 2899 339 2956 italicus
359 2917 410 2973 pro
433 2909 468 2958 tr.
490 2901 508 2958 ἑ.
528 2909 628 2975 partas
650 2902 718 2958 Sido
740 2908 819 2972 sqqst
845 2899 876 2955 G.
901 2903 926 2955 7.
950 2901 1015 2957 eod.
1036 2901 1087 2957 bia.
1110 2907 1181 2956 teste
1203 2901 1320 2958 Picbena

217 3001 370 3076 p'rinca'pa‘a
390 3019 441 3075 pro
460 3003 633 3077 p'painca'pin
654 3003 670 3058 i.
681 3018 705 3059 e.
727 3009 793 3074 post
813 3002 945 3074 principia
968 3003 1086 3060 exbibet.
1130 3002 1205 3059 idem
1229 3004 1321 3059 vitium

217 3105 272 3176 jann
293 3106 320 3161 in
336 3111 444 3161 vetusto
464 3105 616 3176 archetypo
629 3104 754 3163 extitisse
768 3105 890 3177 videtur3
914 3123 968 3178 quo
984 3108 1083 3163 fuctum
1104 3113 1164 3178 eat,
1187 3112 1216 3162 ut
1238 3106 1319 3164 codd.

220 3205 251 3262 B.
275 3206 306 3263 G.
330 3201 371 3271 (a.
393 3221 434 3277 pr.
457 3200 508 3270 nn)
532 3205 565 3261 0.
587 3207 822 3277 praepositionem
840 3218 907 3282 post
930 3210 1091 3266 omitterent.
1126 3209 1156 3264 6.
1180 3209 1232 3264 37.
1261 3226 1319 3265 ac·

221 3310 405 3385 cipienta'apue
427 3306 604 3365 blandiretur
629 3325 680 3382 pro
711 3314 934 3385 accipientisque
966 3310 1172 3369 eblandiretur.
1216 3312 1245 3368 0.
1268 3312 1320 3368 to.

220 3392 323 3469 Adnue
344 3426 395 3482 pro
417 3409 546 3467 Addunt.
591 3411 622 3468 C.
646 3411 697 3468 66.
718 3421 750 3469 ut
770 3432 817 3470 res
840 3414 1007 3473 consulatus
1035 3432 1087 3487 pro
1109 3422 1141 3470 ut
1162 3421 1220 3497 tres
1243 3431 1319 3472 eon-

138 3578 141 3597 Ι
220 3515 333 3581 sudatus
357 3502 437 3580 ²⁸¹²).
474 3513 504 3569 G.
530 3514 578 3570 70.
606 3515 688 3573 codd.
711 3517 762 3575 bia.
776 3518 806 3573 B.
819 3517 849 3574 G.
873 3521 916 3576 ed.
946 3518 1017 3590 Spir.
1039 3534 1090 3589 pro
1121 3517 1230 3590 vulgata
1252 3518 1316 3575 inde

220 3632 236 3672 u
258 3615 409 3671 Puteolano
431 3616 551 3675 lectione
573 3620 655 3691 cujus
682 3621 769 3678 adnuo
792 3624 890 3679 ardori
911 3622 1048 3696 imparem
1069 3639 1131 3678 esse
1152 3623 1319 3680 modestiam

219 3734 301 3775 suana
313 3718 442 3777 exhibent
454 3721 535 3792 ouius
546 3724 650 3778 numius
672 3725 775 3780 ardor:
797 3724 933 3798 imparem
943 3740 946 3751 ·
955 3742 1016 3782 esse
1039 3726 1207 3782 modestiam
1222 3740 1314 3794 suam,

225 3837 303 3894 qnam
324 3821 484 3894 scripturam
506 3831 601 3880 contra
623 3825 758 3884 Waltheri
786 3828 907 3885 rationes
928 3828 1045 3886 Baebius
1074 3835 1103 3886 et
1124 3828 1318 3899 Kiessiingius‚

226 3954 334 3962 -u—-n
342 3953 438 3964 ›uz-n..

228 4031 305 4100 tta)
324 4033 463 4097 simillima
488 4035 688 4103 Mart.1X‚41‚
720 4039 746 4093 5.
772 4041 798 4091 io
822 4039 901 4093 codd.
923 4039 1058 4093 Puteanao
1082 4047 1109 4092 at
1132 4039 1262 4092 vossiano
1285 4038 1318 4095 Α.

325 4127 396 4173 utres
412 4136 460 4188 pro
477 4130 507 4173 ut
523 4129 575 4175 tres
593 4125 725 4192 scriptum.
