2934 4775
678 242 828 337 —1-28—

208 444 328 501 exhibet.
372 442 405 499 Α.
429 443 480 512 vl,
505 441 554 498 ll.
577 441 728 498 Beroaldus
751 441 839 512 idem,
863 440 937 513 quod
959 439 1061 510 edidit,
1082 440 1203 511 ignorata
1224 436 1252 491 in
1273 436 1311 492 ll.

205 547 310 618 legisse
332 547 455 615 videtur,
478 562 557 617 quum
579 545 698 600 Piclrena
719 547 840 617 ignoscas
861 544 925 600 inde
947 543 1077 615 proderet
1099 549 1180 612 atque
1202 540 1310 596 reseri-

205 652 291 706 berot.
336 648 368 703 ll.
390 649 419 718 l,
441 648 492 703 80.
515 648 733 720 igsuoi,legitur
755 648 782 703 in
804 645 958 704 ostoun.
981 642 1015 710 (a
1038 662 1077 716 pr.
1101 638 1153 709 m.)
1175 642 1237 698 edd.
1252 642 1314 698 l’ut.

205 769 265 823 sqq.
287 751 322 807 ad
345 751 519 821 Rhenanam,
543 752 587 821 qui
609 766 646 806 ex
668 749 751 805 aon.
776 749 805 815 (a
827 766 885 807 sec.
908 745 956 811 m.)
984 748 1027 805 ed.
1050 748 1121 819 Spin.
1143 747 1240 818 ignoti
1260 761 1313 801 re·

205 854 296 910 stituit.
342 852 443 909 contra
466 852 498 908 l.
521 853 573 922 lii,
600 851 646 908 18.
663 848 766 909 'omnes
788 852 911 910 editores
932 859 1042 923 praeter
1058 849 1227 919 Broterium,
1248 847 1312 903 lac.

207 956 390 1027 Gronovium,
413 955 541 1013 Bachium
563 956 634 1011 mole
654 957 800 1013 retinuisse
822 956 885 1011 mibi
906 956 1031 1014 videntur
1053 954 1238 1024 conjecturam
1251 950 1310 1006 Pu-

207 1060 323 1116 teolsni:
347 1060 473 1130 legiones
487 1077 604 1132 operum
624 1068 652 1115 et
664 1058 773 1116 laboris
794 1062 967 1131 ignaros,
987 1052 1222 1132 populationibus
1238 1053 1308 1109 loe-

206 1170 301 1218 tantes
321 1170 445 1219 actorem
466 1164 506 1218 od
526 1180 633 1219 morem
644 1164 775 1232 redusit,
799 1178 878 1233 quum
899 1163 1019 1233 ignom
1034 1159 1142 1229 tegatur
1164 1156 1191 1214 in
1214 1156 1306 1212 omni-

205 1265 261 1320 bus.
286 1266 368 1321 codd.
392 1265 466 1321 listis
492 1273 601 1336 praeter
630 1268 691 1322 Vat.
722 1264 822 1335 lese,
849 1266 877 1320 in
907 1280 961 1336 quo
990 1269 1080 1320 tamen
1106 1260 1170 1317 soei
1191 1260 1310 1330 ignores

210 1369 424 1440 superscriptum
443 1371 572 1440 ignauus.
617 1366 695 1435 Quae
710 1368 840 1424 librorum
862 1365 1010 1424 auotoritas
1024 1381 1059 1422 eo
1083 1368 1243 1434 argumento
1265 1361 1311 1417 iu-

210 1487 292 1541 super
305 1472 516 1539 corroboratur,
540 1470 630 1539 quod,
655 1485 733 1540 quum
748 1471 832 1541 poulo
846 1476 908 1525 ante
922 1468 1044 1538 legatur:
1068 1484 1126 1526 non
1147 1468 1158 1522 i
1164 1483 1311 1539 gnaras

206 1573 280 1629 dites
309 1580 338 1628 et
364 1571 492 1628 imbelles
519 1589 597 1641 esse,
627 1588 720 1642 parum
750 1572 896 1630 verisimile
926 1577 984 1641 est,
1013 1571 1141 1628 librarios
1162 1570 1311 1627 lectionem

205 1676 340 1746 ignoras,
363 1675 387 1729 si
409 1691 441 1730 ca
465 1674 582 1745 genuina
605 1674 717 1745 luisset,
741 1675 767 1730 in
781 1674 961 1730 dillioiliorem
983 1689 1017 1730 ao
1031 1673 1118 1743 magis
1140 1672 1309 1732 reconditam

205 1779 326 1849 ipsosne
348 1784 496 1834 mutaturos
519 1777 619 1847 luisse,
642 1779 740 1847 immo,
769 1778 841 1833 siin
863 1777 938 1834 libris
961 1777 1036 1834 blitis
1058 1778 1179 1848 ι’ςιιαιιιι
1201 1775 1309 1847 reperi-

207 1887 300 1951 retur,
324 1880 360 1936 ob
383 1880 491 1937 solitum
514 1880 631 1936 librariis
648 1880 756 1950 viuum,
779 1880 814 1936 de
836 1895 890 1950 quo
904 1879 955 1938 sil>
978 1887 1074 1950 quarto
1097 1879 1311 1951 corruptelarum

207 1995 313 2054 genere
324 1999 406 2053 supra
421 1999 446 2053 p.
457 1981 496 2037 29
505 1999 564 2053 sqq.
574 1983 698 2053 diximus,
714 1983 796 2038 laelio
810 1982 856 2038 tibi
870 1983 898 2038 in
912 1983 1097 2053 suspicionem
1109 1983 1225 2051 veniret,
1247 1980 1311 2038 illati

208 2087 294 2157 ipsum
303 2102 338 2141 ex
347 2085 472 2155 proxime
485 2085 671 2156 praecedente
686 2086 823 2144 vocabulo
836 2087 955 2157 ignarus
968 2085 1101 2155 originem
1114 2085 1241 2142 traxisse.
1257 2082 1312 2139 Sed

208 2195 270 2244 sunt
291 2188 396 2244 interna
419 2204 528 2258 quoqne
550 2195 726 2258 argumenta,
751 2188 846 2257 quibus
868 2188 994 2244 codicum
1016 2189 1149 2259 scriptura
1170 2188 1310 2259 probetur.

207 2290 243 2346 Ut
266 2289 336 2344 enim
359 2295 480 2357 taceam,
505 2287 578 2358 quod
600 2295 628 2343 et
643 2289 796 2346 sententiae
818 2296 846 2344 et
868 2290 1016 2348 eommunis
1032 2291 1167 2348 sermonis
1190 2306 1312 2347 consue·

206 2390 306 2447 tudinis
329 2389 436 2447 ratione
457 2390 547 2449 habita
576 2392 645 2449 haec
674 2391 759 2451 lectio
774 2392 920 2451 ,difficilior
947 2401 1029 2464 etque
1050 2395 1213 2466 exquisitior
1234 2410 1313 2465 qaam

209 2493 320 2564 vulgata
344 2500 402 2564 est,
432 2494 491 2565 ipsa
521 2493 659 2564 elegantia
689 2501 717 2550 et
747 2496 917 2552 concinnitas
945 2498 1077 2555 orationis
1098 2498 1213 2569 sudet,
1236 2503 1264 2553 ut
1284 2497 1312 2553 in

206 2596 260 2653 hae
280 2597 374 2668 priore
395 2597 507 2655 membri
535 2604 613 2669 perte
642 2598 697 2654 tale
725 2600 891 2657 vocabulum
916 2600 1064 2670 scribatur,
1094 2601 1168 2671 quod
1188 2614 1310 2670 sequen-

205 2700 276 2759 titas
289 2700 379 2759 verbis
390 2699 624 2774 populationibus
639 2702 837 2758 laetantes
851 2716 902 2773 per
913 2703 1116 2773 oppositionem
1136 2703 1311 2775 respondent.

208 2801 268 2858 lam
283 2816 350 2860 vero
372 2803 579 2874 pulcherrimam
602 2804 752 2861 antitheton
773 2805 844 2863 inest
863 2805 998 2876 orationi,
1022 2822 1101 2876 quum
1114 2807 1228 2865 eaedem
1249 2806 1314 2862 illne

206 2904 333 2974 legiones
356 2921 470 2976 operum
492 2913 521 2963 et
540 2907 643 2963 laboris
665 2907 844 2977 ignavos,
877 2907 1097 2978 populationibus
1119 2908 1308 2967 lactantes

207 3006 348 3101 dicunturK
382 3008 478 3079 Neque
502 3009 669 3070 ,crediderim
697 3010 795 3067 milites
819 3009 967 3069 nominos.
987 3027 1101 3083 operum
1128 3019 1157 3067 et
1185 3013 1309 3071 laborum

208 3107 322 3179 ignaros
344 3111 432 3179 magis
455 3110 557 3180 luisse,
581 3127 658 3181 quam
686 3127 791 3181 segnes
820 3119 901 3183 atque
929 3113 1056 3184 ignavos.
1100 3114 1309 3172 Redunebantur

205 3209 288 3282 igitur
309 3210 499 3268 aGorhulone
520 3212 690 3273 eductorem
712 3228 815 3273 monens
836 3231 892 3271 non
913 3223 966 3275 tora
979 3217 1069 3287 ignari
1081 3217 1208 3288 militiae,
1233 3234 1309 3289 quam

205 3313 305 3385 ignavi.
350 3314 445 3386 ltaque
467 3314 525 3371 otio
548 3316 676 3373 exuendo
699 3316 848 3373 identidem
865 3319 1062 3389 consulebant,
1086 3321 1130 3391 qui
1151 3320 1309 3392 legionibus

203 3424 365 3488 praeerant,
395 3434 430 3474 ue
459 3416 687 3487 milestsegnis
715 3419 800 3477 lieret.
854 3420 894 3479 Oi.
917 3420 952 3477 Α,
974 3423 1028 3492 xl,
1060 3423 1117 3492 203
1146 3423 1226 3495 Xlll,
1257 3423 1306 3479 53.

202 3517 326 3590 Denique
348 3526 448 3575 tantum
467 3520 560 3590 abest,
583 3526 611 3574 ut
633 3536 682 3590 es,
706 3537 776 3591 quse
797 3523 824 3577 in
846 3524 984 3580 vocabulo
1007 3526 1134 3596 ignaviae
1156 3527 1244 3597 inest,
1266 3527 1307 3582 vis

204 3619 237 3675 ab
259 3621 285 3677 ιι.
308 3621 327 3679 Ι.
349 3622 436 3678 aliena
458 3624 510 3693 sit,
533 3628 562 3679 ut
583 3623 736 3680 sententiae
765 3633 795 3680 et
822 3627 1213 3700 sesnionislegibusoptime
1235 3647 1306 3686 con·

204 3722 303 3780 veniat.
348 3723 435 3780 Abest
457 3725 527 3779 enim
557 3727 590 3782 ab
619 3726 746 3797 ignavis,
778 3728 801 3783 si
824 3728 959 3799 originem
982 3718 1016 3786 ao
1036 3732 1231 3803 proprietatem
1252 3748 1306 3789 vc-

207 3825 295 3882 eabuli
318 3826 451 3897 respicis,
474 3827 550 3883 notio
567 3820 659 3885 timidi
674 3836 756 3899 atque
777 3830 904 3887 imbecilli
927 3833 1024 3909 enimi,
1048 3851 1117 3908 quae
1133 3834 1309 3893 Germanicae

204 3931 268 3986 voci
289 3928 414 3999 Feigbeit
436 3930 554 3985 immixta
569 3939 628 4003 est,
652 3949 810 4004 quamquam
826 3936 987 4008 saepissime
1009 3937 1055 4008 iit,
1078 3945 1108 3997 ut
1122 3939 1218 3995 eadem
1241 3956 1307 3995 sen·

208 4032 292 4093 tenua
312 4031 393 4089 latina
415 4049 487 4090 voce
508 4035 626 4106 ipsanio
647 4034 792 4108 efferatur,
816 4054 885 4110 quae
906 4040 1065 4109 germanica
1087 4041 1228 4113 Feigltstt,
1251 4043 1308 4101 sio·

202 4132 240 4187 uti
267 4133 338 4204 opud
360 4134 417 4191 Lis.
442 4136 485 4206 V,
509 4136 559 4195 28.
582 4137 783 4208 ignauissimos
816 4149 845 4198 et
871 4141 1073 4214 fugacissimos
1096 4143 1185 4201 tosta
1213 4144 1311 4201 dicitur
