2934 4775
246 629 317 694 lie
338 628 663 709 probabilitate
691 632 737 694 et
763 628 1062 709 diplomatica
1084 628 1266 695 ratione
1339 607 1341 610 ⁵

393 734 767 799 emendationum
790 732 1119 802 Tacitinarum.

307 876 436 947 (ὶιιιιιιιιίι
458 894 586 934 summam
608 878 702 935 salutis
724 880 752 933 in
774 895 810 935 eo
832 877 987 950 ponendam
999 893 1144 949 caream,
1165 883 1196 932 ut
1217 876 1310 934 codex

203 981 288 1038 lIstiu
317 980 457 1037 iiediceus
489 982 646 1038 recensioni
667 997 719 1054 pro
743 981 918 1038 fundamento
940 981 1113 1053 somniatur,
1135 986 1225 1036 tamen
1246 986 1309 1035 tan·

204 1090 261 1140 ιιιιιι
282 1082 377 1153 abui,
398 1089 428 1139 ut
448 1084 523 1140 velut
544 1084 684 1141 oraculum
705 1091 852 1141 veneratus
872 1085 993 1156 receptis
1007 1083 1125 1140 Medicai
1146 1082 1310 1139 bubonibus

205 1192 235 1243 et
263 1185 459 1257 quoquomodo
488 1186 632 1259 explicatis
660 1204 718 1244 rem
745 1188 900 1259 expeditam
929 1194 957 1242 et
989 1195 1114 1257 ιιιιᾳιιιιιι
1143 1191 1307 1242 transactam

205 1287 318 1362 opines,
341 1295 370 1345 ut
392 1289 472 1345 etiam
499 1297 553 1345 tuni
575 1290 611 1345 ad
632 1290 771 1362 plisticam
793 1290 908 1345 Tacitini
930 1295 1021 1345 textus
1048 1290 1164 1346 formam
1193 1303 1311 1359 reprae-

207 1390 367 1450 sentandam
388 1407 514 1464 nimum
536 1408 606 1465 opus
635 1400 664 1449 et
685 1393 798 1450 arduum
818 1407 966 1464 superesse
987 1399 1088 1464 putem.
1135 1392 1166 1447 In
1194 1390 1312 1447 Medicei

207 1495 369 1551 auctoritate
396 1512 453 1551 non
480 1503 523 1551 est
544 1495 789 1566 acquiescendum,
813 1497 889 1566 quasi
915 1496 943 1550 in
965 1503 1073 1567 portum
1100 1501 1129 1550 et
1156 1494 1311 1566 perfugium

204 1604 351 1670 pervectus
372 1613 470 1669 esses,
491 1598 520 1653 id
543 1598 617 1668 quod
631 1599 776 1655 Waltbero
799 1598 913 1669 ejusque
936 1597 1088 1668 pedisequo
1118 1597 1221 1653 Baebio
1243 1611 1311 1653 sae-

205 1700 267 1773 pius
279 1700 394 1772 accidit,
416 1707 512 1772 utpote
526 1707 679 1772 praesumta
701 1700 780 1755 nimia
792 1700 921 1757 bonitatis
937 1700 1067 1772 opimone
1080 1699 1176 1755 ductis
1220 1700 1313 1771 Saepe

207 1803 279 1859 enIm
300 1819 317 1859 e
338 1802 430 1859 verbIs
451 1813 507 1857 tum
527 1804 643 1875 rationi,
666 1804 743 1875 usui,
766 1803 885 1860 sermoni
896 1802 1130 1874 repugnantibus,
1151 1808 1207 1856 tam
1228 1817 1312 1858 sensu

208 1905 363 1963 carentibus
392 1912 437 1961 aut
458 1921 494 1962 ne
514 1905 603 1962 iatiuis
617 1907 735 1978 quidem
756 1906 888 1978 reliquiae
916 1913 946 1962 et
967 1905 1083 1977 vestigia
1105 1904 1242 1962 obliterati
1263 1920 1312 1959 ar·

207 2009 318 2082 chetypi
339 2015 431 2065 textus
453 2010 573 2066 eruenda
595 2017 673 2082 sunt,
696 2017 725 2066 ut
746 2011 775 2067 id
795 2017 954 2081 teneamus,
983 2010 1056 2067 unde
1078 2009 1164 2066 omnis
1186 2006 1245 2064 veri
1265 2006 1313 2062 in-v

208 2112 316 2184 quisitio
339 2117 421 2182 atque
449 2112 625 2185 investigatio
654 2113 794 2184 proficisci
824 2111 932 2168 debeat.
976 2112 1044 2167 Tam
1072 2112 1179 2167 densim
1210 2117 1311 2168 certam

202 2228 285 2285 spem
305 2213 408 2271 babere
429 2215 510 2272 uobis
538 2216 620 2286 licet,
642 2215 704 2270 fore
725 2222 756 2270 ut
783 2213 848 2270 inde
869 2215 1004 2284 antiquam
1026 2214 1111 2285 ipsius
1133 2215 1220 2270 Taciti
1244 2229 1307 2269 ora·

207 2316 310 2371 tionem
338 2317 497 2389 conjectura
527 2317 665 2373 eliciamus
695 2324 723 2372 et
752 2324 878 2390 tanquam
907 2317 935 2372 iu
964 2316 1101 2389 integrum
1129 2318 1310 2373 restituamus.

207 2418 292 2477 Simul
313 2435 349 2477 ax
370 2420 419 2493 iis,
442 2437 512 2493 quae
534 2421 617 2477 modo
641 2418 776 2493 exposui,
800 2428 914 2493 apparet
934 2422 1008 2493 Ipsae
1031 2419 1221 2492 conjecturs,
1245 2436 1312 2492 qaas

207 2522 282 2579 velat
310 2523 416 2580 nutibus
446 2523 562 2580 iledicei
588 2525 782 2597 obtemperans
811 2525 930 2609 leceris,
959 2523 1044 2580 multo
1073 2525 1204 2595 maiorem
1233 2524 1313 2579 fldem

210 2626 331 2698 habere,
355 2642 432 2698 quam
446 2628 581 2684 lectiones
604 2629 686 2686 codd.
701 2630 831 2685 illatorum
845 2629 942 2685 classis
957 2627 1108 2685 Genaemis
1121 2627 1312 2700 interpolatae,

209 2746 260 2802 qua
275 2729 311 2785 de
331 2744 363 2786 re
377 2728 506 2787 Baebium
528 2732 555 2787 in
564 2731 644 2788 Jahni
658 2732 727 2788 Nov.
742 2732 849 2787 Annali
863 2731 960 2787 Philoi.
975 2733 1030 2787 Vol
1052 2731 1099 2786 xl.
1121 2749 1150 2803 p.
1164 2730 1214 2787 34.
1237 2737 1310 2786 extr.

211 2849 316 2889 mecum
339 2834 496 2890 consentire
522 2835 610 2891 laetus
631 2834 695 2889 vidi.
740 2833 834 2888 Addas
865 2833 974 2888 omniuo
997 2834 1165 2904 conjecturis
1186 2835 1214 2889 in
1236 2841 1313 2890 textu

210 2935 334 2992 Tacitino
357 2940 541 3009 recensendo,
565 2943 593 2992 ut
615 2937 667 2992 alia
681 2942 802 3006 taceam,
824 2935 888 2990 ideo
913 2951 1022 3005 quoque
1044 2935 1153 2991 multum
1175 2953 1238 2992 esse
1261 2937 1313 2992 tri-

208 3035 361 3110 buendum,
385 3040 528 3110 quonian,
552 3039 698 3095 —verba
728 3038 762 3093 cl.
790 3038 909 3094 Ernestii
931 3054 967 3094 ex
996 3039 1085 3095 Praef.
1109 3040 1152 3095 ed.
1175 3038 1261 3095 Bekir.
1284 3055 1311 3112 p.

208 3138 291 3195 XIIII.
312 3140 429 3196 referam
452 3141 539 3198 -si
568 3148 675 3198 centum
705 3140 818 3197 codices
841 3140 963 3197 eiusdem
991 3143 1054 3198 libri
1074 3143 1237 3215 habeamus,
1260 3156 1312 3198 ecs

209 3247 298 3299 autern
321 3249 430 3300 constet
451 3260 488 3300 ex
518 3260 572 3301 uuo
600 3244 763 3316 apographo
794 3243 891 3300 ductos
914 3261 994 3317 esse,
1021 3246 1098 3303 unius
1127 3252 1228 3300 tantam
1250 3244 1312 3298 iibri

208 3346 251 3404 lus
273 3352 302 3405 et
324 3346 376 3405 va
398 3347 538 3404 obtineant
559 3348 688 3404 universi.
731 3347 828 3417 Neque
850 3348 1000 3404 audiendus
1023 3355 1083 3418 est,
1110 3348 1135 3403 si
1156 3348 1229 3401 iorte
1253 3346 1313 3418 quis

210 3455 306 3506 conisa
326 3468 378 3508 uos
394 3450 562 3522 disseruerit,
587 3467 664 3522 quam
682 3451 798 3505 maxime
821 3458 900 3506 caute
914 3451 1109 3520 moderateque
1131 3448 1243 3507 criticos
1256 3451 1314 3505 Ta·
1379 3494 1382 3500 .
1441 3506 1442 3511 χ

208 3550 352 3608 citiuorum
373 3554 503 3611 librorum
524 3561 657 3626 oportere
685 3554 852 3624 conjecturis
874 3555 930 3623 uti,
959 3553 1093 3623 siquidem
1115 3554 1208 3611 codex
1229 3556 1315 3612 Iistus

207 3652 366 3726 Mediceus,
390 3657 435 3727 qui
456 3656 599 3713 Annalium
621 3657 792 3728 posteriores
821 3663 904 3727 atque
925 3655 1103 3712 Historiarum
1133 3658 1220 3716 libros
1242 3675 1315 3715 con·

207 3755 291 3827 tinet,
323 3759 509 3816 emendatoris
534 3760 761 3832 subscriptionem
784 3760 892 3817 offerat
936 3761 1010 3816 Sane
1036 3777 1081 3817 mc
1110 3779 1166 3818 non
1187 3762 1257 3831 fugit
1279 3759 1312 3815 ab

206 3857 335 3916 ErnestIo
359 3861 387 3916 in
417 3862 510 3919 Praei.
532 3879 559 3934 p.
588 3865 659 3920 IIVI.
684 3864 817 3937 Ryclriurn
837 3865 959 3937 Iaudari,
989 3866 1089 3937 qqupe
1116 3866 1161 3936 qui
1182 3864 1217 3919 ad
1238 3863 1270 3918 H.
1292 3864 1315 3922 1.

207 3961 267 4019 inii.
288 3964 360 4020 bene
372 3965 523 4037 monuerit,
545 3966 775 4039 subscriptionem
793 3968 914 4024 Sallustii
937 3969 1093 4039 quusdam,
1116 3973 1249 4023 vetustum
1262 3966 1315 4022 ali-

207 4082 288 4137 quem
311 4068 437 4126 codicem
459 4070 621 4127 emendasse
642 4071 783 4142 professi,
805 4071 839 4125 ab
861 4071 987 4143 imperito
1014 4070 1125 4127 librario
1154 4077 1257 4127 temere
1279 4087 1316 4128 ex

205 4184 241 4227 eo
263 4171 362 4230 codice
376 4173 518 4246 repetitam
534 4191 615 4248 esse,
637 4176 748 4233 andeis
763 4174 851 4232 Taciti
870 4176 957 4233 libros
972 4175 1173 4248 descnpsisset
1216 4176 1318 4248 Neque·
