2934 4775
644 266 793 361 „El-

170 468 303 543 quentiae
312 468 414 539 pluria.
459 465 492 521 Α.
505 467 583 536 xvi,
607 465 656 521 22.
678 466 821 536 Nouate,
843 467 933 537 Naro,
957 475 991 522 et
1015 466 1167 523 Thraseam
1180 467 1266 522 arma

169 571 375 627 amcormurum
402 570 503 624 ciuitas
531 571 664 643 loquitur.
715 568 746 623 ll.
769 568 808 639 11,
831 566 880 625 ul.
902 570 973 624 Puri
1002 567 1166 626 libertorum
1187 570 1265 626 anu-

169 689 336 746 corumque
357 673 498 729 socordia.
537 671 609 728 ltaur
637 671 671 727 Α.
692 671 745 740 lv,
769 670 818 725 bu.
845 671 873 726 in
901 672 991 728 verbis
1021 673 1265 744 quodsioutom

169 778 364 833 annalium
386 775 425 830 ad
446 776 609 831 testimonia
635 782 789 844 vocentur,
807 776 904 846 plures
933 772 986 829 sibi
1008 790 1044 829 ac
1066 775 1266 848 locupletiores

168 897 229 954 csse
253 879 428 935 omissionem
451 877 568 950 copulae
589 878 726 934 duriorem
749 894 811 933 esse
833 884 908 933 recte
926 877 1013 933 sensit
1027 877 1176 933 Ernestius.
1205 877 1266 949 Op-

171 981 316 1054 positionis
339 981 409 1036 enim
431 981 672 1036 aut·distiuctinnis
693 981 772 1036 notio
793 981 826 1035 ab
847 980 904 1035 boc
925 980 990 1037 loco
1013 996 1124 1051 prorsus
1147 988 1190 1036 εει
1212 981 1265 1036 sli-

89 1133 91 1136 .
168 1101 234 1154 cna,
265 1089 293 1139 et
319 1083 401 1155 paulo
431 1091 493 1140 aute
518 1084 611 1140 'addita
638 1091 682 1139 cst
710 1083 809 1154 copule
838 1083 929 1140 vermo
958 1084 1106 1139 annalium
1132 1084 1267 1139 memoria

166 1196 335 1262 natumque
358 1185 549 1257 carminibus,
572 1201 721 1257 quanquam
743 1186 780 1241 ibi
802 1186 955 1257 asyndeton
974 1186 1086 1242 tolerari
1106 1192 1216 1257 potest,
1238 1193 1268 1241 ut

167 1297 308 1362 poetarum
330 1290 437 1345 fabulae
459 1290 492 1345 ab
515 1290 647 1345 annalium
670 1289 722 1343 fide
744 1305 777 1345 so
798 1289 923 1344 veritate.
936 1288 1129 1358 diuuugsntur.
1172 1288 1267 1360 ltaque

167 1393 256 1448 altero
279 1409 389 1464 quoque
411 1393 476 1447 loco
500 1408 569 1463 opus
592 1399 635 1447 cst
663 1392 829 1447 rescribatur
855 1398 951 1446 uatum
981 1392 1195 1464 abbatiamque
1222 1392 1266 1450 vel

165 1503 263 1554 ectum
285 1504 351 1551 aut
373 1496 529 1551 annalium.
573 1493 696 1565 Denique
718 1494 750 1549 H.
773 1493 825 1564 111,
850 1492 900 1549 13.
923 1510 984 1549 cum
1005 1493 1112 1566 Ryclsio
1136 1500 1164 1549 et
1185 1493 1268 1550 Wal-

166 1599 245 1654 tbero
268 1614 304 1654 ex
325 1598 400 1654 libris
421 1597 538 1653 familiae
561 1596 713 1653 Ganuensis
735 1596 823 1651 malim
852 1597 1012 1666 corrigere:
1036 1613 1100 1652 cum
1130 1603 1266 1669 quattuor

166 1699 393 1772 speculatoribus
422 1708 450 1755 et
479 1698 569 1754 tribus
588 1701 696 1754 amicis
718 1700 904 1771 tandemque
933 1697 1159 1770 centurionibus,
1189 1705 1267 1769 quarn

168 1802 305 1872 vulgatum
339 1800 492 1871 asyndeton
519 1800 582 1856 huic
612 1801 677 1857 loco
715 1816 883 1871 nequaquam
910 1807 999 1871 aptum
1027 1802 1147 1856 retinere
1180 1796 1266 1867 ¹⁶⁷).

268 1903 352 1959 Aliud
371 1919 459 1974 genus
481 1910 524 1959 εει
537 1919 631 1960 eorum
652 1903 787 1973 locorum,
811 1903 922 1973 quibus,
944 1910 1065 1975 utsupra
1086 1919 1113 1974 p.
1138 1900 1206 1958 168.
1222 1903 1267 1959 di.-

167 2003 270 2078 rimire,
294 2006 466 2062 omissionem
488 2006 595 2077 quidem
608 2006 725 2077 copulae
745 2020 801 2059 non
822 2004 1006 2075 tolerandam,
1027 2005 1080 2061 sed
1101 2004 1178 2060 aliam
1197 2023 1267 2078 pnr-

167 2108 292 2179 ticulam‚
316 2126 393 2180 quam
424 2124 492 2180 quse
521 2108 606 2179 vulgo
629 2107 752 2177 additur,
780 2107 951 2164 inserendam
973 2124 1085 2164 censeo.
1127 2108 1168 2163 lta
1187 2106 1266 2176 1,,1,

170 2207 217 2264 12.
241 2217 309 2267 extr.
334 2220 471 2283 tanquam
487 2212 555 2283 plus
576 2226 663 2283 quam
684 2211 782 2268 cieiba
803 2213 928 2283 aqitaret
950 2219 986 2267 st
1007 2211 1147 2268 Pollionis
1169 2250 1177 2267 .
1198 2252 1206 2269 .
1229 2253 1235 2266 .
1258 2245 1266 2269 0

165 2312 306 2384 [mamam
321 2315 458 2371 retineret
472 2329 523 2384 pro
546 2314 659 2383 vulgato
674 2313 880 2386 Pollionisque
904 2315 939 2369 ob
962 2313 1063 2370 exitum
1084 2314 1161 2371 vorbi
1181 2329 1266 2385 prae-

167 2417 307 2488 scientis,
330 2434 384 2488 qao
412 2417 513 2487 copula
540 2425 568 2473 et
597 2417 726 2501 absorpta
753 2417 805 2489 sit,
826 2417 973 2489 legendum
1000 2435 1064 2476 csse
1085 2417 1267 2476 Doedorb'nus

173 2558 272 2569 ..υ-ω·-
276 2554 426 2566 ,αα-...μ-

170 2650 174 2657 ·
253 2638 277 2680 et
294 2638 353 2695 post
370 2631 438 2680 inter
461 2629 583 2680 omissam
608 2643 668 2679 esse
691 2629 806 2683 coniecit
831 2630 894 2683 coll.
919 2630 950 2682 A.
975 2630 1022 2695 Vl,
1046 2628 1088 2682 33.
1113 2638 1178 2685 extr.
1195 2647 1267 2684 mars

251 2717 318 2764 iuter
341 2725 364 2765 et
387 2724 512 2766 extremos
534 2714 694 2765 Albanorum
718 2723 822 2769 mantes.
863 2716 1001 2784 vulgatum
1024 2724 1129 2768 tuentur
1152 2716 1179 2767 hi
1197 2717 1266 2768 loci:

252 2798 342 2863 llll,
360 2800 402 2853 77.
418 2803 486 2852 eiam
504 2803 570 2853 inter
583 2799 777 2867 Mosellamque
793 2804 899 2867 flumem
917 2802 995 2866 ΗΝ,
1016 2800 1057 2855 19.
1074 2803 1187 2854 insulam
1199 2804 1267 2852 inter

206 2918 208 2922 -
252 2883 460 2952 Germanosque.
501 2885 552 2938 Cir.
578 2886 610 2938 do
633 2886 699 2938 sede
728 2888 932 2954 praepositionis
950 2886 1094 2939 Bottichcr.
1118 2886 1180 2939 Lex.
1205 2886 1266 2941 Tac.

250 2987 311 3038 pag.
332 2966 388 3023 120.

184 3053 249 3119 167)
267 3056 296 3106 ln
321 3055 431 3107 alioruin
455 3071 560 3123 quoque
584 3057 741 3122 scriptorum
768 3055 903 3108 codicibus
926 3059 1072 3124 particulae
1096 3056 1264 3125 copulativae

250 3141 344 3208 supina
361 3141 526 3193 librariorum
539 3140 703 3210 negligentis
721 3143 836 3195 omissae
852 3151 919 3194 aaut.
954 3143 1017 3195 Sall.
1028 3143 1087 3213 lug.
1105 3143 1137 3199 97
1146 3181 1154 3210 ‚
1171 3142 1196 3195 3.
1215 3161 1265 3198 co·-

249 3230 313 3296 pula
335 3245 385 3296 que
407 3236 468 3296 poet
484 3232 583 3295 maqnis
605 3230 632 3282 iu
657 3229 833 3296 compluribus
859 3229 938 3284 codd.
962 3231 1048 3286 deest.
1087 3230 1148 3299 lug.
1170 3229 1219 3294 97,
1237 3229 1265 3286 5.

250 3317 276 3369 iu
295 3314 383 3367 verbis
402 3317 496 3382 equites
511 3316 657 3382 peditesque
675 3316 796 3381 copulam
814 3317 928 3368 retinere
947 3332 1006 3370 curn
1025 3314 1165 3367 Gerlachic
1183 3316 1263 3381 malo,

251 3416 326 3468 quam
351 3417 410 3461 cum
428 3399 562 3451 Dietschio
587 3400 700 3467 aliisquo
722 3401 866 3452 editoribus
893 3400 999 3465 delere,
1024 3402 1143 3468 quamvis
1167 3401 1264 3467 copula

252 3485 279 3533 iu
297 3486 429 3537 nonnullis
444 3485 581 3537 codicibus
592 3485 670 3553 plane
690 3487 800 3550 omissa,
819 3490 845 3537 in
859 3487 917 3537 aliis
936 3496 960 3537 et
976 3495 1019 3536 aut
1031 3504 1063 3536 uc
1080 3487 1203 3552 scriptum
1221 3488 1264 3542 sit.

251 3565 302 3619 cn.
319 3569 378 3637 lug.
395 3568 427 3635 7,
445 3572 470 3626 2.
495 3575 606 3639 equitum
630 3581 706 3638 atque
726 3572 840 3639 perlitum
864 3573 981 3635 auciliu3
1005 3588 1029 3625 c.
1054 3568 1101 3634 69,
1124 3571 1150 3623 2.
1168 3575 1265 3639 equites

247 3655 401 3722 peditesque.
436 3657 512 3724 Apud
524 3657 578 3710 Cic.
598 3656 631 3708 de
650 3664 703 3724 opt.
717 3673 777 3725 gen.
797 3666 872 3710 orati.
890 3658 921 3722 5,
943 3656 982 3711 lc.
1001 3673 1033 3709 ex
1051 3659 1149 3724 optimo
1169 3659 1263 3712 codice

250 3740 330 3807 Sang.
348 3748 374 3791 et
392 3757 425 3792 ex
442 3743 595 3809 Hieronymi
612 3744 631 3797 l.
648 3743 668 3796 l.
687 3740 802 3794 Orellius
820 3744 956 3795 revocavit
975 3744 1093 3810 copulam
1112 3762 1175 3812 que,
1195 3760 1263 3813 quae

250 3826 278 3876 in
296 3825 356 3878 edd.
374 3834 438 3877 vett.
457 3835 516 3880 ante
534 3831 681 3880 contrarius
709 3829 778 3880 male
797 3828 902 3880 excidit.
936 3828 1062 3896 Exempla
1085 3831 1197 3899 copulae
1214 3847 1264 3896 quc

250 3912 278 3962 in
301 3919 365 3963 vett.
383 3911 480 3963 Velleii
503 3912 578 3964 libris
603 3915 716 3965 omissae
740 3914 803 3965 ride
829 3913 897 3979 apud
913 3912 994 3965 Kritz.
1013 3915 1137 3984 Prolegg.
1154 3933 1180 3983 p.
1200 3914 1264 3970 cix,

250 3995 328 4062 Apud
346 3995 406 4048 Tac.
424 3997 454 4048 fl.
472 3998 510 4062 V,
530 3998 572 4055 17.
588 4015 627 4065 pr.
646 3997 678 4055 G.
700 3999 785 4067 habel
805 3997 943 4051 Germanus
960 4000 1159 4069 BaianoquusJ.
1194 4001 1263 4062 Veli.

251 4080 289 4145 ll,
305 4081 354 4147 91,
378 4084 404 4138 i.
421 4085 448 4134 in
476 4099 568 4152 apogr.
585 4083 691 4137 Amcrb.
718 4093 778 4137 anta
796 4085 861 4136 idem
879 4085 955 4137 deest
977 4095 1017 4153 et,
1034 4087 1106 4157 quod
1122 4086 1263 4141 Rhenanus

254 4167 282 4218 in
300 4169 342 4222 ad.
359 4184 399 4238 pr.
416 4170 544 4226 incertum
561 4186 594 4223 an
613 4186 646 4223 ex
663 4173 816 4224 coniectura
833 4170 942 4225 allidit.
