2934 4775
617 304 770 398 ...Θ-8*
1100 269 1114 326 1

140 504 218 559 dadi
227 503 364 573 futurum,
381 515 458 573 quum
467 501 775 574 Bipeutiui‚0heriinus‚
790 503 926 575 Weither,
940 503 1058 562 Buchius
1066 513 1241 579 reiecerunt,

142 606 217 661 latini
238 605 373 661 sermonis
383 605 492 676 legibus
515 606 680 663 adversetur.
724 606 850 662 Walther
866 607 973 678 quidem
994 608 1031 664 ite
1044 609 1175 681 conjungi
1193 611 1242 681 ju·

142 706 204 763 het:
225 709 373 781 pudicitur
400 708 530 779 succuum
556 703 634 774 (scd.
665 704 747 774 esse)
774 725 897 765 uacuum
925 727 1022 768 arcem
1051 713 1146 783 tradi5
1168 713 1243 783 qued

136 816 219 881 putet
246 811 346 868 dictum
372 807 574 881 profecerim
601 819 634 866 ut
659 827 756 866 saeue
785 829 842 868 arc
869 813 1040 871 traderetur.
1083 814 1156 872 Sene
1176 815 1242 882 mire

140 913 168 967 in
189 914 321 984 ponendo
342 914 472 970 infinitivo
495 914 623 984 licentis,
646 920 675 969 ut
696 914 757 984 ipse
770 914 897 970 Walther
918 915 1037 986 fatetur3
1061 932 1113 987 que
1135 917 1243 988 quidem

143 1014 266 1070 Tacitum
288 1032 364 1070 usum
385 1016 472 1071 fuisse
499 1015 562 1070 mihi
584 1032 639 1071 uon
668 1016 813 1088 persuasit.
854 1015 924 1084 -Quis
947 1016 1018 1074 enini
1040 1024 1099 1088 cet,
1122 1020 1241 1091 quii-su-

141 1126 236 1174 turum
258 1135 320 1175 csse
335 1120 445 1191 aliquid
459 1120 539 1174 tradi
557 1118 657 1174 dixerit
675 1135 729 1189 :pro
744 1119 874 1189 futurum
895 1136 957 1177 esse
979 1136 1002 1180 s.
1022 1119 1102 1191 fore,
1124 1128 1157 1190 ut
1178 1123 1240 1178 cdi-

142 1223 210 1293 puid
232 1224 367 1277 trudatur
386 1222 445 1278 sive
466 1235 517 1293 pre
532 1222 643 1294 uiipuid
656 1222 793 1278 traditum
812 1221 876 1292 scre
898 1239 920 1278 s.
942 1222 1003 1284 isi?
1024 1221 1066 1280 df.
1079 1222 1240 1282 Rumshorn.

143 1322 261 1379 Gr.Lut.
286 1326 313 1389 §.
339 1322 408 1378 168.
430 1340 457 1379 n.
480 1325 508 1379 5.
530 1339 557 1394 p..
581 1322 651 1379 636.
674 1339 715 1394 sq.
912 1313 917 1324 ’
1046 1383 1049 1388 ,
1108 1365 1110 1368 -

246 1425 277 1481 H.
300 1428 343 1497 V,
367 1426 416 1483 26,
445 1427 519 1484 idenr
546 1427 636 1482 curun
660 1426 769 1482 edditue
798 1425 909 1498 insuper
938 1427 1062 1499 syllabae
1082 1428 1109 1486 in
1131 1430 1242 1501 vulgate

141 1528 242 1585 ecod.
266 1528 297 1585 d.
327 1538 355 1586 et
384 1530 446 1586 edd.
469 1530 577 1586 Puteul.
602 1525 656 1593 ⁴³)
679 1530 801 1586 lectione
827 1530 1057 1600 reprehenderim.
1101 1531 1142 1588 lhi
1171 1532 1242 1590 enim

137 1631 222 1687 hodie
233 1633 360 1688 scribitur
381 1623 435 1688 h'oe
458 1633 553 1689 Primo
569 1632 694 1690 Antonio
705 1641 817 1702 uotum,
840 1633 1064 1706 cujusepistodis
1086 1632 1241 1691 adheidem

140 1736 297 1790 accitus
323 1751 385 1790 sum
413 1751 465 1806 pro
495 1735 628 1806 scripture
658 1736 720 1791 cod.
749 1736 801 1790 Mu.
836 1743 964 1806 ectus,
992 1752 1071 1807 quem
1097 1735 1184 1793 Ritter
1213 1744 1241 1794 et

140 1836 286 1906 Rupertius
308 1837 380 1892 hene
400 1837 542 1907 recepisse
561 1837 626 1891 utut
646 1836 778 1893 videntur.
823 1837 916 1893 Civilis
937 1838 1008 1892 enirn
1029 1840 1240 1909 utpotereheh-

136 1939 239 1993 lienem
268 1944 446 1993 excusaturus
473 1938 568 1994 meiius
589 1953 624 1993 es
650 1938 677 1992 iu
704 1954 738 1993 re
759 1938 886 2008 precedit
907 1939 1129 2011 praetendendo,
1150 1959 1183 1998 se
1204 1942 1240 1998 ud

137 2039 238 2095 bellurn
260 2046 376 2095 sctum
398 2055 472 2110 esse,
496 2055 573 2110 quern
595 2040 619 2095 si
641 2041 797 2096 accitum
817 2047 919 2098 tuntum
937 2055 973 2098 ¹se
996 2058 1059 2100 esse
1081 2041 1155 2099 dicit.
1197 2043 1240 2100 De

139 2142 282 2198 locutione
304 2142 343 2197 ud
370 2139 472 2198 deliram
501 2144 551 2213 apt
572 2141 606 2197 ci.
628 2141 661 2197 A.
683 2142 763 2213 xlv,
788 2142 836 2198 32.
860 2150 929 2200 extr.
945 2144 1133 2215 ’prouinciam
1159 2162 1238 2201 αυα-

134 2246 204 2300 sitia
234 2243 391 2301 inbellem
419 2252 525 2316 eperat.
577 2243 607 2299 H.
631 2244 660 2315 1,
685 2245 734 2301 62.
758 2247 915 2301 exereitum
942 2248 974 2300 in
1001 2244 1104 2302 tetrum
1126 2245 1237 2318 repebat.

132 2347 165 2404 11.
188 2347 240 2419 111,
264 2346 313 2404 53.
335 2365 367 2405 se
389 2348 575 2404 Pannonicus
589 2349 715 2420 teutones
736 2350 767 2404 in
789 2365 872 2404 arma
894 2350 993 2423 spisse.
1036 2348 1068 2406 H.
1090 2348 1112 2423 1,
1138 2347 1185 2407 11.
1207 2352 1239 2407 iu

133 2451 229 2507 odium
257 2452 312 2522 cpi.
363 2450 395 2507 H.
423 2451 464 2521 ΙΙ,
495 2450 544 2506 38.
574 2457 643 2507 extr.
669 2453 736 2508 illos
766 2453 882 2507 eaedem
909 2454 1051 2509 scelerum
1077 2470 1185 2511 causac
1205 2456 1237 2511 in
1328 2497 1333 2502 .

133 2554 308 2609 discerdiam
331 2568 422 2624 opere.
466 2552 498 2608 H.
520 2552 576 2624 111,
598 2551 647 2609 33.
668 2555 701 2608 iu
717 2555 875 2625 perniciem
896 2557 953 2625 cpi.

277 2801 347 2865 De
370 2770 643 2870 duodecime
660 2772 884 2871 uitiorum
905 2820 1089 2885 genere.

240 2946 302 3005 Huc
325 2963 412 3017 genus
426 2948 514 3003 verius
536 2948 672 3004 literarum
688 2948 912 3004 commutationes
935 2948 1139 3020 complectitur,
1164 2963 1233 3019 quu-

132 3066 192 3104 ruur
214 3050 369 3120 potissimus
392 3065 428 3105 ex
451 3051 547 3109 ordine
574 3051 711 3107 literarum
741 3051 873 3123 deinceps
896 3051 1072 3107 enumerabo.
1095 3050 1150 3125 ,Er
1170 3052 1231 3122 pri-

130 3167 201 3206 murn
223 3152 330 3222 quidem
351 3152 457 3206 voculis
479 3168 499 3205 u
521 3168 580 3207 curm
603 3152 774 3224 diphthongo
797 3170 836 3210 au
858 3154 885 3211 in
907 3153 991 3212 cedd.
1011 3152 1141 3209 Mediceis
1162 3170 1231 3224 per·

129 3258 228 3309 mutatu
251 3260 294 3308 est
317 3246 391 3323 4Ἲς
416 3269 470 3324 que
495 3253 594 3309 iactum
617 3260 668 3325 est,
690 3262 721 3310 ut
741 3256 964 3326 quemadmodum
989 3256 1017 3317 iu
1046 3256 1146 3312 ceteris
1174 3256 1231 3311 Te-

134 3412 268 3422 --—--.
281 3414 391 3420 ...-...-..

146 3496 195 3562 43)
214 3498 311 3551 Herum
335 3508 433 3552 tentum
458 3500 584 3552 librorum
603 3502 757 3567 scripturam
781 3503 870 3566 attuli,
897 3504 960 3570 quie
977 3501 1055 3554 codd.
1072 3501 1135 3555 R.V.
1155 3497 1230 3559 1863,

217 3593 243 3635 et
262 3585 304 3636 ed.
323 3586 390 3651 Spir.
413 3589 439 3637 iu
463 3587 547 3637 verba
564 3587 738 3652 mapuitudiue
753 3592 875 3655 perierem
893 3605 917 3641 c.
935 3585 977 3642 23.
996 3587 1133 3650 desinunt,
1151 3587 1229 3639 item-

185 3706 188 3712 ·
217 3686 269 3738 qne
288 3670 363 3721 cudd.
382 3670 446 3723 M).
470 3672 593 3722 desinere
611 3680 816 3724 consentaneum
839 3681 894 3736 cst,
914 3674 1011 3740 quippe
1029 3689 1107 3740 quum
1125 3671 1229 3724 abillis

215 3756 279 3807 iude
297 3756 386 3808 verbis
408 3758 480 3808 uuile
504 3759 627 3810 lectionis
651 3760 765 3809 serietas
790 3776 822 3809 ex
844 3760 878 3809 iis
896 3758 969 3809 iihris
988 3765 1094 3811 enotata
1111 3760 1153 3812 sit.
1188 3759 1228 3809 Ex

213 3841 323 3909 reliquis
342 3842 481 3893 codicibus
497 3843 564 3894 nihii
583 3843 616 3894 de
634 3842 765 3896 hocloco
784 3844 953 3910 prodiderunt
977 3846 1028 3895 viri
1046 3844 1132 3907 ducti3
1157 3842 1228 3911 qued

209 3935 300 3979 ¹iernen
323 3928 397 3994 perri
420 3929 544 3991 interest,
569 3930 691 3995 queniam
709 3934 814 3995 praeter
832 3929 892 3985 cod.
912 3931 967 3981 Vct.
988 3926 1064 3982 1861.
1084 3944 1174 3982 omnes
1193 3927 1227 3977 ud

213 4014 338 4065 familiam
358 4012 523 4064 Genuensenr
540 4013 673 4066 referendi
690 4025 759 4070 suut.
839 4056 841 4063 .

101 4153 104 4158 ,
143 4097 192 4163 14)
211 4100 254 4151 Sic
272 4099 380 4151 Murtisl.
399 4098 471 4164 11111,
488 4099 538 4164 65,
558 4096 581 4150 1.
601 4102 711 4168 optimus
731 4101 817 4153 codex
829 4101 972 4152 Vossianus
990 4097 1224 4151 eSchneidewine

213 4185 288 4237 litere
306 4187 337 4239 R.
355 4188 471 4254 signatus
488 4185 598 4252 praehet
616 4189 709 4239 eremis
726 4202 776 4253 pre
793 4185 926 4241 ducendis.
979 4262 1022 4316 δῦ
