2934 4775
616 245 787 378 Lan.

165 591 257 639 tontes
277 584 516 655 interciperentur
544 599 595 653 pro
623 584 735 654 vulgata
762 591 850 639 uteo
873 592 892 640 t.
915 591 1142 646 commeatus
1166 581 1261 639 (lelna

164 688 358 741 adventantes
378 688 581 758 interciperent
608 702 644 741 ex
673 685 873 756 compendiaria
887 739 890 744 ,
903 686 1041 743 scribendi
1069 686 1175 740 ratione
1203 684 1262 739 ori-

163 789 254 859 ginem
283 788 389 844 videtur
417 789 542 858 cepisse,
572 788 624 845 nisi
654 789 728 859 qnod
756 789 821 844 inde
850 788 938 844 malim
960 789 1114 844 coniicere:
1137 805 1165 843 u.
1196 804 1220 841 e.
1244 794 1262 841 t.

164 898 388 947 commeatus
416 890 511 947 Gellia
539 893 727 947 adventantes
753 892 1092 964 interciperentur.
1136 889 1262 945 Ceteram

164 993 251 1048 torma
279 994 387 1064 passiva
417 995 497 1049 etiam
524 994 627 1050 Bachio
655 993 758 1065 placuit
791 987 876 1059 ²⁴²).
926 994 966 1049 lta
996 994 1075 1049 wau
1103 992 1212 1063 evenit,
1232 998 1263 1046 nt

163 1096 287 1151 librarius
315 1096 431 1153 lledicei
460 1096 521 1151 libri
550 1094 583 1151 Α.
606 1098 673 1166 llV,
697 1096 747 1152 66.
769 1095 872 1152 Fenius
900 1109 951 1167 pro
981 1095 1083 1165 Fenio,
1106 1094 1137 1151 H.
1159 1094 1189 1165 l,
1212 1092 1262 1149 48.

164 1204 233 1255 extr.
256 1199 351 1253 calido
373 1214 423 1269 pro
447 1200 571 1255 collidus
593 1199 744 1269 scriberet,
766 1198 838 1253 sicut
851 1196 917 1253 hc.
939 1197 983 1254 ed.
1004 1198 1074 1268 Spir.
1088 1196 1129 1266 ll.
1150 1196 1185 1266 ll,
1209 1194 1269 1267 46,ι

160 1302 386 1373 promptissimus
401 1301 513 1356 Plotius
523 1300 633 1355 Firrnus
653 1316 704 1371 pro
719 1300 829 1371 vulgata
838 1302 1047 1373 promptissimo
1061 1300 1154 1356 Plotio
1169 1298 1262 1355 Firmo

164 1404 300 1459 exhibent.
320 1396 414 1469 ¹⁴²¹)

264 1503 311 1560 llis
333 1505 657 1577 exemptiscorruptehs
686 1505 880 1577 subiungemus
908 1521 945 1561 ex
975 1503 1142 1575 compendiis
1164 1503 1264 1574 singu-

138 1595 249 1663 ¹lorum
277 1608 422 1663 verborum
454 1614 545 1677 natas,
574 1615 604 1664 et
628 1608 742 1680 primum
771 1610 878 1680 quidem
906 1607 1141 1680 praepositiones·
1153 1623 1208 1679 per
1236 1611 1265 1662 et

158 1726 247 1781 pree,
269 1717 365 1780 utpote
388 1710 585 1779 compendiose
607 1719 753 1781 exaratae,
776 1726 836 1765 cum
865 1726 950 1781 saepe
971 1711 997 1765 in
1027 1710 1085 1768 aliis
1113 1709 1265 1765 codicibus.

167 1812 243 1866 listis
270 1805 346 1877 ¹⁴³)
374 1817 430 1865 tum
451 1811 595 1881 aliquoties
616 1811 644 1866 in
665 1813 716 1867 lla.
739 1811 961 1868 coniurassent.
1002 1813 1049 1870 Sic
1070 1810 1103 1867 h.
1125 1810 1189 1881 llll,
1212 1810 1263 1868 tt.

181 1959 245 2025 142]
263 1963 307 2015 Fr.
329 1962 443 2014 lacobus
469 1962 572 2014 llll.
596 1979 621 2031 p.
639 1961 682 2016 30.
701 1974 854 2015 commeatus
876 1966 910 2013 in
934 1962 1075 2014 Gallium
1099 1964 1264 2015 adventantes

248 2049 538 2115 interciperentur
562 2065 594 2099 ex
619 2051 746 2116 scriptura
764 2049 878 2100 bledicei
894 2048 956 2100 libri
975 2047 1133 2100 eliciendum
1152 2052 1262 2114 cenauit,

252 2140 374 2200 tanquam
394 2142 553 2185 commeatus
573 2133 688 2198 aliunde,
707 2152 723 2186 e
741 2133 875 2186 Britannia
893 2135 997 2186 scilicet
1014 2134 1059 2185 vel
1078 2134 1201 2201 Hispania
1218 2135 1264 2186 vel

247 2216 354 2281 Africa,
372 2220 399 2269 in
418 2215 533 2270 Galliam
551 2220 723 2271 adventantes
737 2220 828 2273 Rheno
848 2220 1064 2273 subveherentur.
1088 2220 1184 2271 Verum
1201 2220 1263 2272 lite·

249 2319 335 2353 rarum
355 2304 447 2355 ductus
465 2307 548 2373 magis
563 2314 704 2373 auguratus
723 2308 886 2375 enatastigiis
905 2306 1086 2371 membranae,
1106 2321 1183 2375 quam
1201 2322 1264 2357 sen·

248 2392 355 2440 tentiam
376 2389 459 2441 Taciti
478 2400 613 2442 assecutus
632 2408 692 2443 esse
710 2393 774 2444 mihi
791 2395 896 2445 videtur
914 2395 955 2469 vir
973 2393 1148 2445 doctissimus.
1184 2393 1260 2445 Ratio

250 2475 318 2524 enim
338 2476 441 2539 poscit,
460 2483 488 2524 ut
506 2485 665 2527 commeatus
690 2493 729 2527 ex
748 2477 891 2529 Gallicis
909 2481 1088 2529 maritimis
1108 2479 1263 2529 civitati-

200 2628 203 2635 ·
248 2556 308 2608 bus
327 2557 444 2610 Romano
472 2562 600 2611 exercitui
622 2561 731 2612 navibus
757 2564 904 2629 supportari
928 2564 1016 2630 itaque
1034 2563 1126 2614 Rheno
1152 2562 1264 2614 subvehi

250 2643 383 2694 dicantar:
402 2647 498 2712 quippe
517 2646 570 2697 tale
588 2646 639 2697 iter
656 2646 785 2699 frumento
811 2655 888 2716 atque
914 2647 1069 2699 utensilibus
1087 2647 1217 2700 vehendis
1237 2655 1264 2698 et

249 2729 399 2781 facillimum
418 2739 458 2782 est
477 2740 503 2782 et
521 2733 695 2786 celerrimum.

183 2814 262 2878 itta)
281 2816 324 2866 Sic
341 2815 434 2868 Juven.
453 2816 474 2880 l,
491 2816 526 2870 67
543 2817 685 2869 lectionem
701 2817 778 2869 codd.
792 2825 819 2869 et
831 2817 891 2871 cdd.
910 2825 974 2869 vett.
994 2820 1110 2884 sipnutor
1125 2816 1193 2883 falso
1207 2817 1262 2867 Ru-

246 2903 345 2967 pertins
363 2903 426 2952 mihi
443 2903 547 2955 videtur
564 2912 637 2955 recte
655 2911 769 2954 mutasse
786 2904 813 2954 in
831 2920 852 2954 s.
872 2904 957 2969 falsus
976 2903 1037 2955 coll.
1056 2903 1119 2955 Sall.
1138 2900 1194 2954 Cat.
1214 2898 1262 2965 16;

251 2990 369 3055 quamvis
388 2987 506 3038 llatthias
530 2990 557 3038 in
576 2987 652 3040 Obss.
678 2990 703 3039 in
728 2988 788 3040 Juv.
812 2987 864 3039 Sat.
882 2988 901 3040 l.
923 3005 949 3055 p.
967 2989 984 3042 'l
1001 2995 1055 3042 not.
1074 2985 1109 3041 22
1126 2988 1258 3055 vulgatam

251 3073 428 3138 explicatione
446 3075 515 3124 tueri
532 3090 613 3140 nuper
630 3073 768 3125 studuerit.
1050 3072 1052 3076 ’

183 3153 247 3218 143)
266 3154 306 3209 Cf.
323 3157 455 3209 Drakenb.
474 3158 507 3208 ad
525 3158 582 3209 Liv.
599 3158 648 3221 Ill,
669 3159 709 3222 to,
728 3160 752 3210 l.
771 3156 904 3210 Eceteris
917 3158 1053 3210 codicibus
1067 3158 1190 3210 'lacitinis
1208 3158 1264 3209 ire-

251 3245 420 3310 quentissima
439 3244 567 3295 eiusmodi
582 3244 744 3296 confusionis
764 3244 882 3311 exempla
898 3245 1009 3312 collegit
1020 3244 1140 3296 Walther'
1150 3243 1183 3297 ad
1195 3244 1262 3296 Anu.

249 3329 305 3391 llll,
324 3328 357 3381 ll
377 3337 402 3380 et
420 3331 516 3395 passim
535 3333 561 3380 in
580 3329 669 3380 indice
688 3338 815 3382 annotatt.
852 3327 907 3383 cie.
924 3330 990 3398 Epp.
1010 3329 1042 3380 ad
1061 3330 1133 3381 Fam.
1150 3328 1182 3392 X,
1201 3326 1227 3391 9,
1248 3329 1261 3381 1

252 3414 313 3465 libri
330 3416 422 3482 scripti
447 3423 472 3466 et
499 3415 563 3467 editi
580 3415 706 3466 fluctuant
729 3418 799 3468 iuter
818 3417 951 3484 pervidere
970 3422 996 3466 et
1011 3414 1171 3482 praecidere.
1208 3411 1264 3467 cic.

252 3498 322 3550 Orat.
341 3498 388 3564 11,
416 3499 459 3551 36.
483 3501 543 3553 cod.
571 3501 763 3552 Einsiedlensis
784 3520 831 3569 per
848 3504 972 3569 scriptum
988 3514 1035 3565 pro
1054 3499 1162 3566 vulgato
1180 3516 1260 3567 prue-

254 3587 377 3651 seriptum
394 3586 481 3650 habet,
502 3586 704 3647 ermanhilt,
724 3584 767 3649 66,
787 3587 811 3639 1.
830 3586 890 3638 libri
906 3584 1022 3636 familiae
1041 3582 1097 3647 C,a.
1115 3585 1184 3634 iuter
1198 3603 1263 3652 per-

250 3667 405 3721 duro'dente
424 3680 449 3723 et
470 3673 600 3740 praeduro
625 3673 650 3721 d·
673 3671 814 3735 fluctuant,
840 3687 908 3739 quae
931 3671 1045 3721 varietas
1071 3669 1103 3720 ab
1127 3670 1264 3737 archetypi

253 3756 309 3805 eins
326 3755 442 3806 familiae
458 3760 585 3823 scriptura
601 3766 707 3825 per-turo
724 3772 772 3824 pro
786 3757 894 3823 vulgato
911 3758 1030 3824 periuro,
1050 3756 1121 3823 quod
1133 3754 1199 3808 lbet
1216 3771 1264 3806 uo·

254 3841 326 3891 dices
344 3841 459 3892 familiae
474 3842 505 3894 B.
522 3850 636 3907 tuentur,
655 3844 784 3910 originem
801 3842 910 3893 videtur
921 3843 1033 3908 cepisse.
1057 3841 1166 3904 Vellll,
1180 3837 1265 3904 112,6

161 3954 163 3959 ·
250 3929 278 3980 in
297 3944 389 3995 apogr.
407 3927 513 3979 Amerb.
533 3936 573 3978 est
588 3938 733 3997 praerupta
747 3946 834 3980 eorum
851 3931 908 3978 acie
919 3944 967 3994 pro
981 3926 1053 3994 vulg.
1069 3934 1196 3994 perrupta
1209 3944 1264 3977 ce.

250 4014 306 4067 Nec
325 4015 426 4066 librarii
443 4022 557 4078 tantum,
581 4015 629 4066 sed
647 4017 733 4068 critici
758 4017 835 4067 etiarn
854 4013 888 4065 de
905 4013 945 4064 his
963 4012 1038 4080 siglis
1056 4011 1260 4078 interpretandis

252 4100 448 4168 discreparant,
485 4117 536 4168 quo
561 4100 658 4152 iactum
680 4110 733 4166 est,
763 4109 792 4152 ut
807 4101 876 4154 Anu.
892 4099 941 4163 lll,
959 4098 1009 4163 20,
1035 4098 1080 4150 ubi
1101 4098 1265 4149 recentiores

185 4188 188 4195 '
255 4185 370 4239 editores
393 4186 455 4239 iude
480 4187 513 4239 ab
536 4187 658 4238 Ernestio
682 4203 715 4238 ex
733 4184 763 4238 G.
788 4193 814 4236 et
839 4186 881 4239 ed.
907 4201 947 4252 pr.
963 4188 1061 4252 [ossum
1075 4182 1199 4251 perducit
1215 4198 1264 4249 pro
