2934 4775
638 271 788 363 —1-53-

164 469 374 541 praecedentem
402 469 519 527 dativum
540 470 649 527 moesi
678 468 767 525 nobili
794 467 857 524 viro
887 484 975 540 aeque
1002 484 1035 525 ao
1062 468 1173 526 verbum
1189 477 1263 528 ·‚tco-

164 574 236 629 didit
255 572 427 629 referendum
453 574 574 644 ideoque
594 573 723 629 infinitivo
753 579 805 628 act
828 571 981 629 exturbare
1002 571 1166 643 iungendum
1201 585 1264 630 esse

163 675 245 732 laoile
265 676 433 746 intelligitur.

264 779 304 832 lta
327 777 444 848 denique
473 777 578 848 euenit,
607 784 637 833 at
664 777 788 848 syllabae
813 794 846 834 re
868 727 1057 849 compendium
1078 777 1264 847 consyllaba

164 888 208 935 ret
236 879 264 934 in
292 879 423 935 Mediceis
450 880 525 936 libris
553 882 632 936 hisce
659 887 806 935 mutaretur
832 880 918 936 lonis:
947 881 980 936 A.
1004 881 1056 950 Vl,
1079 880 1107 935 2.
1130 886 1199 938 extr.
1229 880 1264 935 bl

164 982 300 1037 suaderet
321 998 371 1053 pro
399 983 522 1039 socom
545 983 673 1052 exbibet,
703 989 731 1037 et
750 983 780 1036 in
802 982 852 1037 lla.
875 982 975 1053 legitur
997 981 1032 1037 A.
1051 982 1107 1051 ill,
1129 979 1178 1040 dl.
1202 997 1265 1040 cono

165 1083 340 1156 obstreperet
369 1092 525 1140 accusator
552 1101 604 1156 pro
635 1101 699 1140 com
726 1083 889 1157 obstrepere
912 1101 956 1154 m,
984 1084 1017 1139 A.
1040 1084 1104 1154 llll,
1127 1083 1176 1146 lib.
1192 1099 1265 1147 ‘orne

163 1188 270 1243 rediret
289 1189 321 1242 tn
332 1186 444 1259 Βψίαηι
457 1186 570 1244 iubetur
591 1203 642 1258 pro
656 1204 720 1242 eura
733 1188 829 1243 redbe
847 1201 922 1257 sqq.;
944 1186 979 1241 A.
993 1188 1052 1257 XV,
1069 1186 1119 1241 69.
1134 1201 1263 1258 occupo·

162 1295 271 1359 retpro
295 1305 454 1361 occupore3
477 1289 510 1345 ll.
531 1289 560 1359 l,
581 1288 633 1344 ct.
656 1295 725 1345 extr.
747 1290 983 1361 iosstpeeeniom
1005 1295 1091 1359 atque
1107 1304 1190 1344 ormo
1205 1290 1262 1346 dee

161 1391 253 1460 ferret
274 1408 325 1462 pro
347 1394 414 1464 tp.
437 1409 463 1448 a.
487 1409 513 1447 o.
537 1390 729 1463 deferrmll.
736 1392 795 1461 lV,
820 1390 867 1447 13.
890 1398 1084 1450 averteret..
1124 1397 1196 1446 ..et
1215 1406 1265 1450 ro·

164 1500 307 1550 tentore.
359 1493 572 1568 ..iubebatur
591 1509 643 1565 pro
666 1501 798 1550 evertere
818 1508 879 1563 sqq.
949 1545 952 1551 ,
1009 1535 1013 1546 ,
1171 1509 1174 1514 ’

268 1596 379 1667 Syllaba
400 1598 443 1667 ri,
467 1597 566 1667 quippe
589 1612 659 1667 quae
681 1572 874 1667 compendio?
897 1591 977 1651 vel²
1003 1595 1096 1652 vel
1124 1549 1266 1665 6ξηίίίολ-

161 1703 236 1753 retur
262 1693 358 1767 ¹³⁵),
381 1695 534 1753 alibrariis
553 1697 634 1753 facile
657 1698 757 1753 omissa
780 1704 826 1752 aut
847 1697 978 1753 cumaliis
1001 1697 1169 1769 compendiis
1193 1712 1265 1752 con·

163 1800 224 1855 lusa
246 1805 297 1853 est.
340 1798 381 1854 lta
402 1797 436 1853 A.
458 1799 514 1868 lV,
538 1797 587 1854 37.
610 1805 680 1854 extr.
702 1798 730 1853 in
752 1799 786 1853 bl.
809 1814 897 1854 sucro
926 1814 978 1869 pro
999 1801 1115 1856 socrati
1135 1800 1264 1869 scriptum

165 1907 216 1957 est.
260 1899 294 1955 A.
315 1900 382 1970 llll,
406 1899 455 1956 to.
478 1900 561 1956 lectio
589 1901 641 1956 lla.
663 1907 692 1956 et
721 1900 764 1955 ed.
787 1900 858 1971 Spir.
881 1902 1045 1971 aoipootom
1074 1917 1111 1956 ex
1131 1901 1265 1970 scriptino

163 1998 335 2073 eo²paratnm
363 2018 415 2073 pro
444 2003 557 2073 uulgato
584 2019 600 2058 c
626 2002 796 2074 Brs‘pootoat
823 2004 939 2060 menate
970 2010 1031 2059 orta
1060 2018 1126 2060 esse
1150 2001 1265 2060 videtur.

163 2104 196 2160 A.
219 2105 286 2174 XV,
309 2103 359 2160 dd.
389 2111 458 2162 extr.
486 2104 568 2162 codd.
590 2105 652 2160 listi
673 2111 783 2176 praetor
813 2103 846 2162 A.
873 2105 974 2162 babent
999 2105 1129 2173 circulo,
1152 2104 1265 2174 quoda

163 2208 295 2278 scriptura
324 2202 459 2264 cnr²ooto
486 2208 503 2262 i.
532 2223 556 2263 a.
586 2208 733 2264 corniculo
764 2207 901 2277 originem
928 2208 1010 2278 cepit
1060 2206 1092 2261 H.
1106 2207 1142 2276 l,
1167 2204 1214 2262 tt.
1236 2207 1265 2266 io

160 2308 237 2366 listis
267 2316 310 2364 est
334 2326 389 2382 pro
416 2308 541 2366 moribus
569 2325 621 2381 pro
650 2310 763 2381 vulgato
789 2307 962 2383 prirnoribus
991 2304 1072 2370 136).
1106 2308 1146 2364 tt.
1171 2310 1212 2378 V,
1238 2306 1264 2368 1.

164 2427 203 2482 pr.
227 2413 290 2468 inde
313 2412 521 2484 discrepantiam
543 2412 693 2483 explicabis
715 2414 845 2469 librorum
867 2415 1014 2483 bistorunr,
1037 2428 1072 2469 ex
1096 2412 1190 2483 quibus
1213 2414 1264 2468 lla.

158 2494 274 2601 peitatis
296 2512 341 2569 vel
358 2508 501 2586 praebetis
529 2514 574 2569 vel
594 2515 741 2586 prelatis,
771 2513 956 2586 AC.V.Lipsli
973 2516 1111 2587 prelatis,
1137 2514 1169 2569 B.
1190 2530 1264 2587 pre-

163 2616 269 2686 lintis,
285 2596 440 2672 Gitona
463 2618 636 2689 proeliantis
663 2622 708 2671 aut
725 2612 899 2688 proclinatis
927 2608 1073 2688 praebent:
1103 2620 1171 2686 quae
1193 2617 1266 2672 scri-

163 2725 259 2789 pturae
280 2720 397 2775 varietas
420 2735 456 2776 ex
476 2719 618 2790 archetypi
639 2719 803 2790 compendio
821 2739 842 2792 p
846 2715 937 2776 ²ootis
958 2721 976 2775 i.
1000 2735 1024 2776 e.
1043 2722 1165 2792 privatis
1188 2716 1265 2785 (soil.

162 2823 312 2893 oramque
333 2818 431 2883 rebus)
458 2828 520 2877 nata
543 2829 592 2878 est.
636 2821 703 2876 lude
732 2822 811 2877 etiam
832 2823 933 2877 iactam
955 2836 1019 2877 esse
1040 2806 1164 2891 videtur,
1188 2828 1216 2875 ut
1236 2821 1263 2876 in

161 2924 196 2978 bl.
219 2923 252 2979 A.
275 2924 301 2994 l,
325 2921 353 2978 3.
375 2923 520 2980 destinare
550 2938 602 2995 pro
630 2924 787 2994 destinari,
818 2924 853 2979 A.
875 2923 916 2996 ll,
940 2923 990 2979 30.
1010 2925 1191 2995 interropore
1212 2939 1264 2995 pro

186 3115 365 3183 135J1nua.
384 3125 452 3169 teste
470 3116 623 3169 biabillonio
641 3117 660 3170 l.
678 3118 697 3171 Ι.
720 3134 746 3185 p.
765 3115 815 3172 353
838 3117 892 3172 tab.
910 3118 942 3170 V.
965 3136 1008 3171 no.
1027 3117 1052 3175 5.
1075 3119 1173 3191 legitur
1195 3120 1263 3172 Ana.

245 3237 307 3303 xli,
326 3237 337 3288 l
358 3254 398 3305 pr.
414 3207 516 3306 pincipis
538 3239 556 3289 i.
575 3254 598 3288 a.
619 3240 756 3306 principis,
774 3245 842 3289 teste
865 3238 983 3291 Victorio
1006 3239 1038 3292 A.
1051 3239 1100 3303 xl,
1118 3218 1266 3307 2dpot'em

251 3326 269 3375 i.
285 3341 309 3376 e.
324 3326 439 3392 patriam
449 3322 531 3387 (testa
541 3321 651 3386 Furia),
670 3339 738 3390 quaa
757 3331 797 3375 est
809 3323 889 3376 lectio
903 3323 932 3380 G.
946 3333 972 3376 et
990 3325 1031 3378 od.
1044 3340 1081 3393 pr.
1099 3325 1264 3395 provulgata

245 3446 331 3510 paria.
365 3442 490 3495 Ceterum
515 3444 669 3510 scripturam
683 3445 803 3510 patrium*
818 3459 850 3493 ex
867 3443 1003 3509 archetypi
1027 3445 1185 3510 compendio
1206 3419 1265 3517 pem

249 3534 333 3579 ortam
351 3543 411 3580 essa
425 3528 507 3580 facile
521 3535 562 3579 est
578 3527 724 3579 intellectu.
748 3518 862 3590 ilistLV,
883 3529 894 3581 i
915 3544 953 3595 pr.
972 3532 998 3578 in
1017 3529 1152 3582 Materte
1171 3532 1264 3588 Victo·

245 3622 286 3672 rio
310 3600 424 3701 litatis,
442 3630 511 3674 teste
522 3621 626 3688 Ryokio
642 3616 721 3687 plutis
738 3622 923 3686 scriptumest,
943 3637 994 3688 quo
1008 3623 1116 3690 prilotis
1130 3640 1215 3696 aeque
1233 3647 1264 3683 ac

245 3708 375 3776 praelatis
392 3707 436 3759 vel
460 3707 568 3775 prelatis
593 3706 736 3773 significari
754 3714 849 3773 potest.
883 3705 967 3766 *Quod
985 3709 1007 3758 si
1025 3717 1173 3775 reputasset
1190 3716 1263 3767 Wal-

248 3794 327 3858 ther‚
347 3792 512 3844 defendenda
525 3791 641 3846 lectione
655 3791 783 3858 praelatis
800 3794 932 3859 utriusque
949 3792 1025 3844 rebus
1042 3809 1094 3847 non
1107 3799 1265 3863 perdidisset

247 3887 274 3930 et
292 3879 380 3932 oleum
398 3885 425 3929 et
448 3892 563 3944 operam.
599 3876 670 3928 Sic
662 3891 690 3926 ru
716 3878 814 3943 scripto
834 3878 946 3944 quodam
964 3880 1064 3930 saeculi
1082 3882 1152 3935 tertii
1169 3885 1264 3937 decimi

244 3965 351 4034 porisi.
371 3980 394 4015 e.
411 3964 508 4031 prioris
525 3969 608 4013 extet.
627 3961 674 4015 cir.
693 3960 860 4015 benedictin.
878 3964 895 4017 l.
914 3964 931 4019 l.
949 3980 974 4031 p.
994 3963 1056 4018 546.

181 4047 246 4115 136)
265 4050 392 4103 Similiter
408 4048 477 4102 Vell.
494 4046 533 4113 li,
558 4046 601 4112 28,
622 4043 698 4099 2ed.
722 4064 761 4115 pr
778 4049 844 4117 prob
861 4067 918 4117 res,
942 4066 1032 4116 apogr.
1050 4052 1156 4159 Aarerb.
1170 4073 1262 4122 prores

243 4139 409 4206 propriores
426 4134 544 4188 exbibet
