2934 4775
713 299 763 344 -vtt

671 367 820 380 ——n

197 506 245 557 ex
260 482 522 574 diligentissima
550 479 792 580 obseruatione
810 481 1059 576 potissimorum
1073 482 1246 569 vitiorum,
1264 483 1299 552 in

194 607 286 681 ‚quae
308 585 436 657 librarii
464 586 579 679 optimi
606 588 766 678 cuiusque
787 584 926 672 codicis,
952 607 1051 677 quem
1070 593 1183 678 spreta
1207 587 1300 655 inani

193 679 567 781 nulg'atneauctoritate
585 690 645 757 toti
659 692 853 761 recensioni
867 706 931 780 pro
945 687 1161 759 fundamento
1179 687 1299 761 subiici

114 781 118 788 Χ
193 801 460 866 consentaneum
480 799 551 878 est,
570 787 681 863 delabi
693 791 783 862 soliti
808 794 884 880 sint,
912 792 953 861 iis
967 788 1184 878 lectionibus,
1212 814 1298 885 quae

199 904 255 980 aut
277 898 467 968 sententiae
487 903 523 966 et
541 894 673 982 rationi,
700 902 756 963 aut
781 896 947 968 sermonis
973 892 1118 985 legibus,
1146 915 1299 965 consuc-

193 997 301 1080 ‚tudini
321 1008 354 1069 et
368 998 559 1090 elegantiae
572 1006 774 1090 repugnent,
798 996 982 1070 remedium
1004 1005 1144 1089 petatur.
1172 996 1300 1081 Quodsi

196 1106 245 1173 ita
269 1102 311 1175 ad
325 1102 511 1174 naturalem
523 1100 651 1190 ingenii
668 1098 905 1171 dexteritatem
923 1102 1007 1172 ratio
1027 1098 1189 1193 quaedam
1209 1122 1299 1172 con-

196 1205 420 1297 formatioque
448 1203 621 1274 doctrinae
647 1206 845 1292 accesserit,
873 1205 1028 1291 criticos,
1047 1205 1101 1296 qui
1118 1204 1299 1273 coniectu-

195 1308 303 1380 ralem
323 1317 428 1379 artem
448 1306 615 1393 lectitent,
630 1308 839 1393 tutissimum,
866 1307 900 1376 in
915 1327 980 1399 quo
999 1308 1156 1393 nitantur,
1173 1304 1299 1408 funda-

197 1420 345 1483 mentum
367 1412 565 1482 inventuros
591 1430 668 1482 esse
692 1410 850 1501 augurari
870 1417 969 1502 atque
988 1408 1156 1481 affirmare
1185 1412 1299 1480 ausim.

198 1513 296 1601 Quod
311 1534 381 1608 quo
399 1514 594 1606 prosperius
616 1511 732 1601 cedat,
759 1514 877 1583 variae
903 1510 1087 1600 lectiones,
1106 1514 1299 1606 quinetiam

195 1638 308 1708 nugae
337 1625 370 1687 et
385 1615 534 1694 ¹umlrrae
561 1613 745 1688 verborum
772 1618 1019 1689 accuratissima
1043 1616 1225 1688 collatione
1251 1638 1299 1686 ex

198 1722 324 1815 optimo
352 1740 486 1811 quoque
513 1716 632 1789 codice
653 1727 809 1790 enotatae
836 1721 901 1791 sint
926 1726 1171 1806 necesserest,
1205 1739 1297 1811 quo·-

197 1826 300 1910 niam,
315 1843 380 1913 quo
400 1824 472 1912 quis
486 1821 604 1892 melius
624 1822 833 1914 corruptelas
848 1824 1126 1910 cognoverit,'eo
1141 1820 1298 1894 feliciore

197 1933 324 1995 euentu
344 1922 604 1991 coniecturalem
623 1931 729 1992 artem
744 1920 928 1991 exercebit.
946 1922 1051 2011 Igitur
1068 1933 1104 1993 ut
1113 1923 1201 1994 illam
1211 1945 1298 1994 sen-

196 2027 346 2114 tentiam,
356 2022 519 2116 quamdiu
527 2025 561 2093 in
571 2022 737 2113 sinufovi,
748 2045 912 2116 quamque
921 2034 1058 2116 praeter
1066 2026 1301 2117 gravissimam

199 2129 306 2200 'luam
323 2125 645 2220 comprobationem,
656 2148 719 2219 qua
729 2129 1040 2219 quantumanimum
1049 2149 1300 2199 meumerexe-

196 2233 245 2306 ris
269 2240 304 2300 et
326 2230 487 2304 fiduciam.
505 2233 663 2319 auxeris,
691 2228 807 2301 dicere
830 2231 893 2300 vix
920 2251 1069 2324 possum,
1090 2230 1300 2320 Doederlini,

196 2334 327 2423 llritnii,
347 2332 519 2428 Seyffertii
536 2332 694 2427 exemplo
706 2331 896 2405 confirmari
911 2333 1204 2428 postmodolaetus
1218 2334 1300 2423 vidi,

198 2441 383 2510 accuratius
403 2459 614 2531 exsequerer
629 2459 670 2507 ac
696 2436 904 2509 documentis
930 2436 1122 2531 probarem,
1148 2439 1301 2510 Tacitum

193 2544 404 2637 potissimum
429 2540 506 2613 ideo
535 2540 650 2630 elegi,
664 2542 740 2631 quia
767 2542 840 2630 ipsa
851 2541 907 2610 illa
930 2539 1125 2612 observatio
1156 2543 1190 2611 in
1211 2541 1300 2613 hunc

193 2641 513 2740 praecipueoadere
527 2640 715 2728 ridebatur,
732 2644 858 2734 quippe
873 2660 972 2734 quum
987 2644 1173 2716 nonsolum
1185 2647 1299 2737 optimi

197 2744 346 2819 Medicei
374 2743 526 2833 codices,
554 2746 609 2838 qui
636 2742 751 2817 ductus
777 2742 948 2817 literarum
975 2749 1097 2817 vetusti
1122 2746 1300 2842 archetypi

196 2846 391 2925 fidelissime
417 2850 631 2936 retinuerint,
659 2864 752 2919 casu¹
766 2847 915 2921 secundo
943 2845 1040 2920 nobis
1067 2851 1195 2939 servati
1220 2853 1298 2941 sint,

193 2949 370 3026 sedetiam
385 2950 566 3022 collatione
584 2971 733 3020 eoruma
756 2952 840 3023 viris
868 2948 975 3021 doctis
993 2950 1174 3022 identidem
1188 2975 1297 3048 repe-

196 3058 256 3125 tita
283 3054 539 3147 discrepantiam
566 3055 752 3146 scripturae
778 3056 858 3126 satis
886 3063 1091 3148 compertam
1108 3053 1298 3132 habeamus

198 3156 272 3243 Qua
298 3160 333 3228 iu
359 3179 399 3228 re
423 3158 452 3228 si
476 3177 540 3248 qua
559 3157 672 3248 operis
690 3158 853 3248 particula
872 3155 1019 3245 modum,
1047 3180 1146 3251 quem
1161 3161 1297 3232 instituti

195 3261 266 3332 mei
289 3262 375 3331 ratio
402 3258 559 3353 postulet,
589 3262 783 3332 excessisse
805 3257 880 3329 'libi
905 3259 1055 3351 videtur,
1082 3283 1206 3333 moneo
1234 3282 1297 3334 re-

193 3370 313 3457 putes,
341 3384 411 3435 non
437 3363 564 3433 tamin
590 3381 685 3433 usum
713 3360 902 3455 capitalium
928 3364 1101 3452 virorum,
1134 3366 1189 3458 qui
1216 3368 1295 3458 qui-

193 3463 271 3536 dem
294 3466 477 3539 lectionum
495 3473 530 3536 et
549 3463 821 3541 emendationum
846 3464 1065 3559 condiciones
1084 3475 1117 3541 et
1133 3468 1295 3559 rationes,

193 3568 324 3639 etiamsi
350 3577 502 3656 taceam,
536 3566 637 3638 facile
672 3569 896 3662 perspiciant,
930 3590 986 3639 me
1012 3567 1117 3640 fusius
1148 3578 1184 3641 et
1208 3593 1295 3665 pro-

192 3669 296 3742 lixius
314 3669 529 3763 disputasse,
557 3692 655 3764 quam
679 3679 716 3741 ut
742 3670 866 3762 vulgus
889 3670 1138 3764 philologorum
1164 3675 1198 3744 in
1221 3683 1294 3744 arte

195 3775 313 3846 critica
338 3794 456 3867 parum
482 3776 702 3844 exercitatum
729 3772 841 3845 subtili
868 3795 1026 3847 sensuum
1053 3775 1292 3868 explicatione,

181 3878 473 3969 'gravissimorum
499 3884 769 3966 argumentorum
798 3875 972 3970 pondere,
1004 3876 1292 3953 luculentissimo-

192 4002 267 4051 rum
295 3977 528 4073 exemplorum
547 3981 657 4073 copia,
685 3981 838 4072 quamuis
865 3982 990 4052 invitos
1009 4001 1049 4050 ac
1075 3981 1290 4072 reluctantes,

112 4104 116 4109 ·
191 4083 228 4151 in
253 4105 361 4153 meam
388 4080 556 4155 traducam
582 4084 789 4153 sententiam.

296 4185 460 4271 Quantum
486 4184 549 4257 hac
573 4204 678 4278 opera
699 4207 776 4257 mea
798 4183 840 4255 ad
863 4187 1028 4257 rationem
1055 4194 1089 4256 et
1107 4184 1290 4256 doctrinam
