2934 4775
213 424 244 480 0.
262 423 309 480 76.
321 428 477 496 promptum
493 422 621 493 effectum
637 437 687 492 pro
705 429 867 494 promptum
889 418 1003 489 effectu.
1032 418 1063 474 C.
1084 416 1134 473 80,
1148 417 1316 482 Germania

211 525 330 586 eterno
345 527 428 583 coeto
450 542 486 581 oo
508 522 655 582 tatontnr
670 524 745 579 duro
760 540 810 594 pro
826 523 855 580 G.
871 521 992 578 rehensa
1008 522 1089 576 coeio
1102 526 1155 580 ete.
1178 520 1274 578 cet.
1286 523 1317 578 is

212 646 321 688 sumno
351 625 543 686 abundantiae
567 626 707 700 pecuniae
729 643 780 698 pro
802 628 834 682 tn
861 642 884 683 s.
914 622 1095 680 abundantio
1118 641 1150 696 p.
1207 623 1236 680 C.
1267 623 1317 679 96.

213 738 282 788 extr.
296 737 422 788 emuncto
439 737 505 788 roto
520 746 572 801 pro
592 738 808 788 exauctoratos.
830 729 862 785 ΙΙ.
878 728 925 800 ΙΙΙ,
951 727 998 783 13.
1012 735 1182 786 remotorum
1197 733 1316 786 ewu-

210 850 268 890 rum
306 833 448 903 affectans
478 833 505 888 in
535 832 617 892 codd.
650 832 765 888 nanc.
801 832 901 903 iegitur
937 847 988 902 pro
1024 831 1157 902 scripturn
1201 829 1317 888 rumiliac

210 935 361 993 Genuensis
382 944 496 992 secreta
519 942 680 992 castrorum
703 952 730 991 u.
752 950 841 1005 usqne
863 933 899 990 ud
919 934 1082 1006 Bipoutinos
1110 940 1139 989 et
1161 932 1318 992 contnuo

207 1039 591 1111 superseminantem,
614 1039 761 1109 Behhero,
783 1038 907 1107 itinero,
935 1036 1066 1109 Rupertio
1095 1041 1243 1106 reuocato,
1271 1034 1317 1092 vel

207 1156 259 1213 pru
283 1141 472 1200 emendatione
495 1142 558 1198 cod.
573 1142 643 1198 tisri.
656 1141 689 1197 Α.
706 1148 848 1198 secretum
862 1147 1024 1197 castrorum
1038 1157 1076 1210 o„
1090 1155 1168 1210 quum
1182 1137 1314 1196 uBuchio

208 1250 237 1300 et
250 1244 418 1317 Kiesslingio
440 1252 579 1316 receptum
602 1261 658 1315 epo
681 1260 791 1315 qnoque
813 1243 974 1315 prueierum.
1004 1241 1034 1298 0.
1061 1240 1108 1298 16.
1132 1247 1202 1300 extr.
1231 1239 1316 1300 lectio

208 1346 260 1403 hie.
282 1348 418 1419 intensum
445 1365 523 1404 snum
559 1355 586 1404 et
613 1348 668 1420 ipsi
689 1354 765 1403 metu
801 1362 852 1418 pro
882 1346 993 1418 vnigutu
1021 1346 1127 1417 intoprn‘
1153 1344 1316 1416 wsmnprt

207 1458 284 1506 netu
307 1455 366 1506 ortu
389 1466 454 1508 cese
475 1451 581 1508 videtur
605 1465 642 1508 en
663 1465 748 1520 prove
761 1449 907 1514 neruorum
922 1448 1095 1514 distinctione
1114 1449 1220 1518 intepet
1235 1462 1316 1506 ntum

210 1562 239 1610 et
260 1554 315 1626 ipsi
335 1562 419 1610 metu.
465 1552 494 1609 c.
509 1551 559 1607 nt.
580 1553 610 1608 in
633 1552 715 1609 codd.
738 1552 815 1608 histis
838 1559 866 1608 et
888 1552 931 1608 ed
954 1551 1025 1622 Spin.
1047 1551 1148 1621 iegitur
1162 1548 1317 1624 Apenninus

202 1655 280 1726 pupis
301 1670 353 1725 pro
375 1655 485 1725 vulgatu
505 1655 568 1714 inde
594 1671 609 1712 u
630 1654 782 1712 Puteolano
820 1654 940 1714 tectione
960 1652 1103 1726 Apennini
1122 1654 1210 1726 iupis,
1240 1669 1318 1724 quum

209 1757 336 1827 Bochins,
358 1756 521 1829 Rupertius‚
543 1757 725 1829 Kiessiingius
747 1752 802 1824 ¹³)
825 1765 927 1813 temere
948 1757 1088 1827 respuisse
1102 1756 1164 1812 mihi
1185 1757 1317 1815 videntur.

208 1858 433 1922 Ci.Wnltherum
450 1861 556 1917 odhi.
585 1860 615 1918 (i.
631 1859 680 1916 tt.
709 1861 856 1918 tectionem
875 1859 956 1916 codd.
980 1860 1030 1916 itu.
1049 1858 1084 1918 Α.
1110 1858 1140 1914 Β.
1158 1858 1238 1914 Onu
1257 1874 1315 1916 seo

207 1978 241 2018 m.
260 1964 393 2034 praemia
420 1971 562 2021 enovatno
593 1974 698 2037 operae
721 1960 790 2028 (hin.
829 1971 988 2033 enouutoe,
1022 1962 1053 2018 C.
1076 1959 1251 2024 evacuatae)
1281 1977 1317 2018 ex

210 2065 352 2136 archetypi
367 2066 500 2137 scripturn
519 2068 666 2138 proemiue
679 2074 805 2122 novatue
821 2082 924 2137 operae
940 2072 1026 2121 ortum
1038 2066 1195 2137 putaverim.
1222 2064 1319 2135 Neque

210 2167 281 2222 enim
302 2167 413 2224 verbum
434 2167 500 2222 iliud
522 2182 620 2225 novum
642 2174 723 2239 utque
744 2167 889 2226 muuditnm
913 2168 1094 2223 ennvundi
1116 2183 1176 2226 cum
1199 2167 1317 2239 Ruckio,

210 2269 332 2340 Rittero,
354 2269 470 2340 Buchio,
493 2268 639 2341 impertio,
662 2269 830 2341 Kiessiingio
846 2270 943 2326 Tacito
965 2270 1103 2326 intrudere
1125 2271 1220 2341 unnim,
1242 2286 1315 2341 quo·

211 2372 282 2437 nium
302 2372 326 2428 is
343 2371 442 2444 ubique
455 2389 567 2444 operum
587 2373 714 2430 nnvnri
738 2372 804 2429 dicit
825 2379 853 2429 et
866 2373 990 2430 enetiiicu
1004 2373 1045 2429 vis
1061 2372 1192 2430 adverbio
1203 2375 1318 2446 penitus

212 2482 239 2531 et
262 2472 422 2531 Germanico
450 2476 573 2546 praefixo
604 2484 639 2529 ct
667 2476 776 2546 similis,
805 2492 883 2547 quum
909 2476 1078 2547 praepositio
1107 2493 1145 2532 ec
1187 2476 1214 2531 in
1250 2493 1316 2532 uer·

213 2577 256 2633 his
270 2576 429 2649 compositis
450 2575 584 2635 interdum
606 2585 730 2649 exercet,
753 2579 787 2634 uh
801 2579 935 2637 hocloco
948 2579 1035 2635 aliena
1051 2595 1115 2636 esse
1130 2579 1237 2637 videtur
1251 2572 1316 2644 ¹⁴).

213 2679 329 2735 Omnino
341 2685 431 2735 eutem
446 2696 555 2751 vereor,
578 2697 613 2737 ne
629 2681 710 2753 origo
722 2682 799 2738 verhi
813 2699 932 2752 novare,
955 2699 991 2739 ex
1010 2698 1062 2753 qun
1074 2682 1188 2738 iormnlu
1202 2698 1317 2755 operum

212 2799 332 2852 nouare,
355 2788 469 2839 rudore
484 2782 653 2839 Doederiino
676 2784 702 2837 in
718 2784 775 2839 het.
788 2785 891 2854 Synun.
919 2785 982 2840 Vol.
1005 2784 1025 2839 Ι.
1039 2801 1065 2855 p.
1083 2782 1153 2854 112,
1166 2785 1237 2843 idem
1250 2786 1316 2856 sig-

212 2886 317 2956 nificet,
349 2885 423 2956 quod
443 2888 557 2944 nauiter
579 2902 695 2959 opernm
716 2903 740 2942 s.
761 2903 867 2942 nouum
889 2902 1005 2960 opernm
1026 2888 1113 2957 dunc,
1136 2888 1317 2958 adjectionem
1381 2894 1384 2899 ’

213 2987 427 3060 praepositionis
451 3005 488 3045 oe
510 2995 540 3045 ut
559 2988 745 3059 pleonnsmmn
767 2996 869 3046 renunt.
904 2990 963 3047 Nec
984 2991 1072 3063 mugit
1094 2991 1148 3046 huo
1169 2992 1316 3063 pertinent,

218 3185 430 3194 ---—-—·—--..

234 3343 282 3415 13)
299 3349 383 3404 Etiam
400 3350 515 3404 Jncnhus
533 3353 560 3403 iu
580 3350 657 3406 Ohss.
680 3353 713 3405 ed
726 3353 787 3408 Tne.
805 3355 837 3406 tt.
856 3357 924 3409 critt.
946 3364 1014 3424 purt.
1031 3355 1062 3408 11.
1081 3373 1106 3424 p.
1126 3352 1157 3410 15
1176 3354 1317 3410 lectionem

301 3435 380 3490 codd.
391 3436 515 3489 histornns
526 3443 627 3489 tuetur:
646 3446 672 3489 et
683 3438 723 3490 his
741 3441 768 3490 in
787 3441 865 3493 rebus
876 3458 931 3494 non
949 3441 1118 3505 Tacitum,
1136 3450 1165 3493 nt
1182 3442 1222 3495 ilii
1239 3443 1317 3496 vide-

300 3527 358 3583 tur,
376 3520 424 3573 sed
442 3521 621 3574 librarium
636 3523 810 3592 archetypi
826 3529 958 3579 vetusti
976 3527 1175 3580 liherevnriure
1188 3532 1318 3584 novimus.

235 3597 283 3666 11)
300 3603 442 3672 Exempla,
462 3623 529 3675 qnne
546 3607 715 3661 Petersenius
734 3612 761 3661 in
779 3612 914 3665 Annotutt.
932 3613 965 3663 nd
984 3611 1044 3667 Tuo.
1062 3613 1176 3680 Speciem
1194 3615 1224 3668 il.
1240 3632 1267 3683 p.
1286 3612 1319 3666 18

304 3706 344 3757 sq.
369 3691 403 3741 nd
427 3692 568 3747 lectionem
600 3706 725 3747 enovatae
760 3716 853 3766 operae
883 3697 1075 3751 defendendam
1100 3702 1223 3766 contulit,
1252 3700 1318 3753 nihil

303 3775 429 3843 probunt,
447 3779 498 3829 nisi
509 3780 581 3848 qnod
596 3780 700 3834 Tacitus
713 3799 771 3834 cunr
781 3785 840 3836 eliis
853 3799 960 3852 quoque
972 3786 1159 3853 scriptoribus,
1177 3785 1316 3855 siquando

304 3861 414 3927 alicujus
443 3865 518 3916 verbi
537 3868 590 3918 vim
614 3870 706 3937 sugeri
729 3878 808 3939 utque
838 3871 939 3922 intendi
962 3872 1063 3935 voluit,
1092 3874 1316 3940 praepositionem

303 3964 317 3999 e
335 3948 463 4001 interdum
481 3952 615 4017 prneiixitr
634 3954 723 4021 quod,
743 3957 861 4024 quemvis
879 3972 971 4008 verum
988 3959 1036 4022 sit,
1054 3957 1119 4009 nihii
1137 3960 1263 4010 momenti
1281 3956 1314 4009 nd

303 4032 379 4100 hujus
397 4035 452 4088 ioci
468 4039 598 4091 rationem
616 4040 704 4105 niiert,
726 4043 850 4109 quonium
873 4051 974 4095 anctum
994 4051 1021 4094 ot
1038 4044 1163 4097 intentum
1181 4044 1315 4111 significe-

304 4122 405 4177 tionem
423 4138 455 4174 ox
472 4125 552 4177 totius
570 4128 718 4180 sententiae
735 4127 825 4180 indole
842 4130 948 4181 minime
967 4130 1129 4209 expectatis.
1226 4143 1230 4149 '
