2934 4775
691 270 710 327 3

626 350 775 362 *nnn—uu

149 470 258 542 Reliqui
288 465 349 526 libri
370 468 433 527 listi
460 481 553 542 parom
575 468 635 525 noti
656 475 686 525 et
705 469 751 525 bic
772 467 830 524 illic
851 471 952 525 tantum
974 484 990 524 a
1011 455 1077 523 viris
1096 465 1187 524 doctu
1206 465 1252 521 in-

148 574 236 648 specti
265 580 341 644 sunt,
371 580 403 629 nt
429 573 517 628 neutri
545 571 662 627 familiae
688 585 740 627 eos
767 570 926 627 adscribere
955 571 1077 626 audeam.
1134 569 1170 625 Et
1191 570 1252 625 ble-

149 678 245 734 diecus
266 676 373 748 quidem
395 675 431 733 ex
452 676 515 747 ipso
537 675 585 731 illo
609 675 771 746 archetypo,
788 673 865 729 ruude
888 689 986 729 omues
1004 674 1066 729 libri
1077 672 1140 729 listi
1161 672 1252 743 origi·

148 791 211 837 ncm
234 780 378 849 duxerunt,
400 779 556 849 descriptus
578 793 642 833 csse
663 776 778 832 videtur.
822 776 960 833 Eceteris
981 776 1099 834 familiae
1113 776 1253 832 Romanae

148 882 292 940 oedie‘dr‘ns
319 882 431 939 Fames
447 882 531 952 ‘ch
557 882 621 939 Vnt.
650 877 741 937 1863.
770 879 888 936 vindob.
926 879 1009 936 corb.
1045 880 1114 951 Agr.
1149 886 1179 937 ct
1207 881 1252 937 ed.

148 985 220 1058 Spin.
243 985 281 1041 eb
308 993 413 1041 arctam
440 984 636 1056 cognationem
663 997 757 1039 rursus
786 999 823 1039 ex
851 998 906 1039 uno
934 982 1088 1054 eodemque
1110 984 1253 1056 archetypi

147 1089 219 1145 illins
253 1088 415 1160 apographo
444 1101 516 1143 nnnc
545 1086 653 1158 quidem
680 1085 825 1157 deperdito
853 1079 966 1141 iluxiss'c
994 1092 1077 1157 puto,
1107 1072 1183 1157 cujus
1211 1088 1253 1142 rei

148 1191 325 1246 durissimum
346 1190 473 1246 iudicium
495 1197 605 1262 praeter
627 1190 775 1247 notabilem
796 1195 825 1245 et
846 1188 939 1244 miram
961 1204 1056 1245 eornm
1087 1205 1252 1245 comessum

147 1294 175 1349 in
196 1294 335 1365 plerisque
356 1293 426 1350 loeis
449 1294 626 1366 conspicuum
647 1295 728 1350 etiam
749 1293 776 1348 in
799 1307 835 1349 eo
859 1292 1066 1363 deprehendes,
1090 1292 1164 1363 quod
1186 1292 1251 1349 tiss.

148 1397 211 1454 Vnt.
226 1394 316 1454 1863.
339 1396 457 1453 vindob.
475 1396 545 1467 Reg.
562 1396 691 1467 edettpir.
704 1402 749 1466 et,
764 1395 802 1450 nti
816 1394 940 1466 videtur,
955 1396 1017 1451 tiss.
1027 1395 1110 1452 corb.
1130 1395 1255 1466 Agrque

147 1497 180 1554 ll.
208 1499 250 1569 V,
284 1497 333 1556 23.
362 1499 389 1558 in
423 1499 507 1556 verba
534 1500 730 1571 mnpettndine
756 1499 898 1571 potiorem
932 1498 1063 1554 desinunt.
1107 1498 1174 1553 ltem
1202 1514 1255 1569 pa-

151 1616 216 1657 rens
245 1601 364 1658 familiae
390 1602 543 1658 &usensis
561 1617 608 1675 ¹en
630 1602 784 1673 archetypo
812 1579 966 1674 descriptas
1001 1601 1132 1673 temporis
1160 1602 1256 1673 injuria

147 1703 236 1776 periit.
280 1704 337 1760 Sed
365 1705 436 1761 baec
462 1706 601 1761 haetenus.
645 1705 706 1761 Jam
726 1720 795 1761 vero
820 1703 855 1760 de
875 1704 980 1775 indole,
1002 1705 1071 1776 ide,
1094 1702 1257 1760 auctoritate

149 1807 276 1862 codmnm
310 1807 441 1863 bistonum
465 1808 547 1863 uobis
582 1814 626 1864 cst
654 1808 853 1879 disputandum.
896 1807 985 1863 Hodie
1011 1807 1120 1878 quidem
1148 1811 1257 1863 constat

149 1909 222 1964 inter
243 1908 319 1964 vires
337 1910 439 1964 doctos
459 1909 552 1964 codici
572 1909 697 1966 bledieeo
719 1910 806 1979 longe
835 1909 975 1964 maximam
1001 1910 1081 1965 tidem
1102 1916 1184 1980 atque
1205 1926 1257 1965 an-

151 2007 305 2065 ctoritatem
324 2010 492 2068 tribuendam
515 2026 593 2083 esse,
616 2018 646 2067 ut
659 2012 709 2068 toti
732 2011 888 2067 recensioni
911 2011 986 2082 qnasi
1008 2028 1060 2083 pro
1083 2011 1257 2067 fundamento

151 2112 326 2184 subjiciatur,
349 2107 450 2185 qnippe
472 2114 517 2184 qni
538 2114 661 2185 reliquos
682 2129 778 2172 ornnes
807 2113 921 2170 codices
942 2114 979 2169 ita
1000 2114 1061 2170 iere
1082 2121 1207 2186 superet,
1229 2121 1260 2170 ut

148 2215 303 2271 Vossianus
328 2214 361 2271 R.
383 2216 528 2287 Martialis,
550 2216 693 2273 Ravennas
716 2223 745 2273 et
769 2219 890 2274 Venetus
912 2216 1120 2289 Aristophanis,
1142 2217 1259 2274 Urbinas

149 2317 281 2375 isocratis
308 2320 430 2390 reliquos
444 2320 539 2376 libros.
584 2320 750 2393 Quamquam
773 2321 843 2377 enim
863 2321 994 2377 Graevius
1016 2321 1042 2375 in
1058 2336 1101 2393 ep.
1124 2319 1159 2376 ad
1173 2320 1259 2376 licin-

150 2422 220 2478 sium
241 2422 273 2478 T.
303 2423 349 2479 lv.
380 2423 444 2478 coll.
473 2422 504 2478 B.
532 2441 559 2495 p.
590 2422 662 2480 nas.
690 2431 767 2480 recte
788 2426 917 2481 iudicavit
942 2425 1097 2496 exemplar,
1120 2424 1192 2480 unde
1213 2424 1259 2480 ille

151 2525 246 2580 codex
273 2525 399 2594 duxerit,
420 2526 580 2580 mendosum
609 2531 637 2580 et
663 2543 679 2581 a
702 2528 856 2583 semidoeto
878 2529 964 2584 luisse
984 2530 1192 2600 interpolatum,
1214 2534 1260 2582 ta-

149 2642 211 2682 urea
253 2627 332 2682 altiss
361 2642 420 2681 rem
442 2628 606 2697 conjectanti
633 2634 689 2683 turn
717 2628 785 2684 lides
815 2646 848 2685 ac
876 2630 994 2702 religio,
1023 2632 1119 2702 quibos
1147 2647 1180 2687 ea
1200 2631 1261 2701 ipsn

151 2728 294 2799 archetypi
316 2727 430 2799 menda,
454 2730 643 2801 corruptelae,
666 2731 893 2803 interpolationes
916 2749 931 2787 a
953 2733 1064 2790 librario
1086 2734 1149 2790 listi
1170 2732 1261 2788 bledi-

153 2830 197 2886 cei
219 2832 338 2902 repetita*
364 2838 393 2888 ct
421 2838 529 2888 servata
559 2839 637 2905 sunt,
661 2841 715 2889 turn
738 2836 829 2891 cautio
849 2819 1060 2908 moderatioque
1083 2842 1111 2892 et
1131 2837 1191 2908 ipsa
1213 2836 1258 2892 si-

151 2933 308 3006 nisteritas,
332 2935 427 3007 quibus
449 2936 533 2991 verba
563 2935 644 2991 dubia
666 2944 694 2995 et
716 2938 835 3007 obscura
857 2945 956 2995 mutata
986 2946 1015 2995 ct
1042 2939 1106 2996 vitia
1130 2945 1256 2997 correcta

150 3042 231 3108 mant,
258 3042 361 3108 augent
375 3037 447 3095 ultro
469 3038 586 3095 bledieci
601 3040 800 3099 auctoritatem.
843 3042 961 3099 Facilius
984 3041 1054 3099 enirn
1066 3042 1130 3099 vitia
1153 3044 1185 3101 ab
1208 3043 1261 3099 ina-

153 3137 248 3210 peritis
271 3139 380 3196 sinistre
402 3146 529 3195 correcta
550 3141 755 3215 intelliguntur,
779 3161 860 3216 quam
881 3145 904 3200 si
925 3161 976 3216 qna
999 3146 1153 3202 emendatio
1167 3146 1262 3219 specie

151 3240 307 3311 aptitudinis
330 3248 358 3297 et
386 3241 540 3298 subtilitatis
563 3245 643 3300 nobis
665 3244 791 3318 imponit.
822 3247 955 3304 ¹Omnino
982 3249 1122 3320 utriusque
1143 3249 1261 3305 familiae

148 3344 220 3399 ratio
235 3344 262 3399 in
283 3340 434 3400 reddendis
448 3344 589 3417 archetypi
611 3348 703 3405 verbis
719 3356 762 3406 est
784 3350 900 3408 diversa.
944 3352 997 3408 liic
1017 3352 1058 3408 rei
1073 3350 1179 3422 cardo,
1204 3353 1261 3409 hoe

149 3446 233 3503 totius
256 3448 348 3519 operis
378 3448 467 3504 critici
491 3447 701 3510 fundamentum.
752 3442 819 3511 Erat
846 3456 1025 3528 iampridem
1052 3462 1143 3511 textus
1165 3456 1261 3514 Taciti

149 3547 178 3602 in
203 3550 385 3609 vetustissimo
420 3552 571 3623 arebetppo
602 3570 683 3627 casu,
715 3558 903 3631 negligentia,
932 3559 1124 3630 festinatione,
1152 3559 1258 3619 inscitia

151 3649 280 3719 barbari,
306 3657 335 3705 nt
355 3653 477 3724 videtur,
498 3655 602 3712 librarii
614 3666 759 3731 corruptus
781 3668 825 3732 et,
848 3668 877 3717 ut
899 3661 1023 3732 equidem
1047 3663 1184 3734 conjicio,
1207 3680 1261 3735 pa-

151 3768 210 3808 rnnr
230 3752 325 3823 clare,
347 3754 447 3826 nitide,
471 3757 601 3816 distincte
621 3763 746 3834 scriptus.
790 3764 849 3820 lem
862 3765 980 3837 librarii,
1004 3782 1082 3838 quum
1096 3766 1180 3822 verba
1195 3782 1263 3821 cor-

149 3861 227 3927 rupta
256 3862 285 3911 et
307 3855 453 3928 depravata
476 3866 522 3915 ant
543 3862 708 3934 investigatu
731 3858 849 3924 difficilia
873 3886 936 3925 esse
958 3869 1173 3941 intellexissent,
1197 3885 1259 3922 mn-

151 3974 219 4013 nerc
241 3974 292 4015 suo
316 3958 361 4014 alii
384 3960 437 4016 alio
460 3960 544 4020 modo
566 3946 703 4036 perfuncti
724 3978 794 4028 sunt.
837 3971 872 4028 m
886 3973 1003 4029 lledicci
1026 3973 1132 4043 quidem
1155 3970 1261 4027 codicis

127 4059 274 4125 librarius
310 4068 366 4118 tum
408 4067 508 4123 vetusti
543 4067 606 4125 libri
643 4087 771 4145 errores,
806 4075 868 4146 quin
903 4081 932 4132 et
963 4082 1082 4132 monstra
1118 4075 1264 4130 verborum

150 4179 253 4223 summa
283 4181 343 4224 cum
386 4167 441 4225 lide
476 4173 658 4246 propagauit,
685 4182 740 4232 nrm
771 4179 831 4249 ejus
860 4179 977 4250 vestigia
1004 4179 1123 4318 ¹fideliter
1151 4185 1262 4235 secutus

1031 4266 1048 4300 ti
