2934 4775
740 293 793 339 viti

689 364 842 376 -ι-ι*

212 476 266 550 rei
291 477 430 547 urbione
460 471 683 572 profecerim,
726 476 803 547 Tuo
834 476 992 571 permitto
1039 469 1181 563 iudicio,
1214 482 1314 568 utque

213 581 328 675 primo
363 579 548 653 multorum
582 597 744 649 moenum·
775 579 950 673 specimini
986 595 1048 671 pro
1081 579 1206 669 insigni
1242 577 1313 649 Tua

210 680 416 755 humanitate
439 681 544 753 index
570 678 660 751 adsis
685 679 875 753 benevolus
901 673 966 752 oro
984 699 1149 775 rogoque.
1175 679 1213 752 st
1227 695 1313 751 vero

211 787 249 857 iu
274 790 380 860 undis
397 788 554 857 vitiemm
575 781 758 875 generibus
785 782 1028 874 distinguendis
1047 795 1081 857 et
1094 780 1313 856 recensendis

213 892 339 987 passim
366 910 386 959 a
411 906 498 959 vero
525 885 704 958 aberrasse
731 886 807 959 Titi
838 887 979 974 videar,
1014 884 1056 958 ab
1090 887 1154 957 ista
1188 905 1313 980 uepre-

213 992 384 1065 bensione
411 1010 480 1060 non
509 1011 561 1076 en,
590 1009 653 1084 qna
680 989 803 1076 soient,
831 988 1034 1062 defensione
1059 1010 1115 1059 me
1131 998 1230 1078 tuter,
1257 990 1314 1059 in·-

215 1102 390 1166 ventutcm
416 1092 589 1166 alacritate
622 1095 752 1186 ingenii
778 1092 908 1164 facilius
930 1094 964 1162 in
993 1111 1145 1163 errorem
1171 1090 1313 1186 impelli:

214 1194 276 1270 sed
292 1204 449 1291 reputes,
477 1217 625 1290 quaeso,
653 1196 831 1269 Ciceronis
852 1196 995 1283 dictum,
1021 1194 1103 1266 nihii
1123 1214 1202 1266 esse
1217 1193 1315 1268 simui

214 1309 251 1371 et
276 1300 448 1371 inventum
486 1308 520 1371 et
545 1299 754 1392 perlectum,
789 1298 851 1370 sed
876 1319 983 1392 parva
1009 1315 1176 1368 novarum
1202 1317 1314 1368 rerum

215 1404 379 1499 principia
405 1405 475 1474 suis
502 1402 634 1474 demum
660 1399 958 1494 progressionibus
985 1419 1046 1472 usa
1071 1402 1199 1492 augeri.
1238 1398 1315 1472 ec-

213 1516 324 1578 terum
358 1504 469 1593 edidi,
500 1525 589 1598 quae
618 1505 729 1598 potui,
764 1525 833 1575 non
867 1513 904 1575 ut
937 1499 1052 1592 volui,
1093 1501 1155 1574 sed
1189 1510 1226 1573 ut
1259 1522 1315 1574 me

216 1610 332 1703 operis
357 1607 477 1679 modus
504 1605 699 1678 stabuntne
726 1609 903 1699 angustiae
929 1614 1126 1698 coegerant.
1180 1604 1316 1678 Genera

214 1713 306 1783 enim
331 1711 508 1799 vitiorum,
536 1730 622 1803 quae
647 1711 682 1780 in
700 1708 866 1782 Mediceis
893 1708 1065 1780 codicibus
1091 1710 1316 1803 reperiuntur,

217 1814 347 1908 reliqua
382 1811 494 1885 habeo
520 1811 657 1903 decem,
700 1833 789 1908 qnae
819 1816 854 1885 in
885 1812 991 1884 alteru
1025 1814 1316 1885 commentationis

214 1926 312 2015 parte
344 1916 546 2012 propediem
571 1915 701 1990 edenda
727 1927 868 1991 tractem
893 1933 1169 2010 recenseamque.
1222 1913 1316 1988 Sub·-

214 2020 295 2093 inde
323 2023 424 2092 etiam
452 2020 575 2091 iactum
603 2041 682 2092 esse
706 2022 882 2112 profiteor,
917 2031 954 2090 ut
977 2041 1077 2090 unam
1105 2019 1315 2111 eandemque

214 2124 395 2194 lectionem
431 2121 474 2190 ad
506 2120 642 2189 diuersa
685 2121 951 2218 corruptelarum
977 2139 1108 2210 genera
1138 2121 1316 2210 referrem,

214 2224 372 2319 quonium
407 2230 524 2293 natura
559 2221 610 2292 rei
648 2219 735 2309 ient,
777 2229 813 2293 ut
847 2239 1086 2315 nonnunquam
1125 2224 1318 2319 ambiguum

215 2327 336 2417 inerit,
363 2323 452 2419 quod
475 2324 683 2420 potissimum
703 2325 822 2395 vitium
844 2323 974 2396 librarii
1003 2323 1205 2397 admiserint
1238 2327 1317 2400 De·-

215 2434 318 2526 nique
344 2451 389 2500 ne
416 2431 490 2523 quis
524 2429 559 2497 in
588 2427 842 2522 interpretando
868 2444 972 2500 sensu
1001 2428 1160 2498 vocabuli
1187 2430 1316 2501 carcire-v

215 2543 346 2629 typam
396 2553 462 2628 quo
497 2553 602 2624 saepe
636 2531 671 2602 in
705 2531 768 2603 lma
804 2531 1085 2603 commentatione
1122 2548 1203 2600 usos
1229 2549 1315 2618 sum,

217 2659 373 2712 errorem
399 2640 601 2724 committat,
626 2634 662 2706 id
689 2635 779 2729 quod
805 2635 906 2707 facile
920 2643 1035 2729 potest
1049 2632 1140 2723 lieri,
1161 2648 1315 2704 memoro

216 2741 438 2838 archetypum
454 2760 477 2809 a
493 2762 548 2810 me
569 2736 695 2809 ¹dictum
723 2759 801 2811 esse
827 2758 897 2808 non
914 2738 1175 2808 vetustissimum
1203 2730 1316 2829 quod-

219 2845 296 2918 dam
330 2841 508 2939 exemplar
541 2843 645 2935 ipsius
684 2840 792 2912 Taciti
823 2845 934 2909 aetate
968 2839 1147 2932 scriptum,
1186 2834 1248 2911 sed
1282 2831 1317 2906 id

218 2947 460 3043 apographum,
489 2968 535 3016 ex
556 2965 623 3037 quo
640 2962 756 3016 musas
782 2940 918 3013 codices
936 2938 1044 3011 adbuc
1064 2943 1191 3014 servati
1216 2958 1318 3010 oom-

218 3070 354 3123 munem
378 3048 547 3119 traxerint
567 3048 745 3138 originem.

322 3151 419 3223 llaec
440 3146 551 3238 habui,
567 3170 654 3241 quiae
677 3145 861 3242 praefarer.
912 3146 986 3217 lam
1002 3146 1085 3218 nihil
1110 3156 1225 3234 restat,
1252 3144 1317 3218 nisi

220 3265 258 3328 ut
279 3252 355 3326 'libi
379 3254 421 3325 V.
448 3249 485 3325 C.
510 3272 574 3346 pro
598 3251 783 3344 singulari,
810 3269 874 3344 qua
901 3247 1050 3322 consiliis
1076 3259 1110 3322 et
1134 3248 1318 3323 studiorum

220 3355 377 3434 subsidiis
409 3376 465 3426 me
498 3355 674 3444 adiuvisti,
731 3352 932 3425 liberalitato
975 3361 1075 3446 atque
1109 3350 1318 3445 benignitate

219 3463 383 3535 mannans
401 3481 500 3551 agam
520 3460 654 3550 gratias.
686 3457 774 3530 Vale
796 3466 847 3547 et,
871 3457 900 3528 si
925 3454 1016 3526 bene
1040 3454 1082 3526 de
1099 3456 1218 3528 Tucim
1236 3476 1319 3526 me-

221 3568 291 3657 rui,
326 3585 435 3660 perge
460 3562 578 3637 studiis
603 3562 688 3634 meis
711 3560 845 3633 favere.

324 3666 451 3739 Dabam
478 3664 638 3741 (lessellis
664 3665 772 3737 Nonis
798 3662 889 3758 Sept.
916 3680 946 3733 a.
968 3658 1242 3734 innocensve

645 3918 898 3935 ffl
937 3910 940 3917 ¹
