2934 4775
673 319 824 415 Q—

211 516 320 587 oleru,
343 523 372 573 ut
400 518 427 574 in
455 518 516 574 ullis
539 518 679 576 codicibus
707 514 801 591 ¹²⁷),
823 519 860 575 lta
889 518 1068 576 hrhledioeis
1090 518 1304 589 corrumpendae

206 619 357 691 scripturae
385 622 510 692 praebuit
539 621 722 712 occasionem.
772 622 805 678 Α.
835 623 878 695 ll,
908 622 955 678 32.
981 623 1069 679 »lectio
1098 623 1159 679 lllsti
1189 623 1305 678 cordine

211 729 270 778 orta
302 738 340 779 ex
362 724 504 796 archetypi
532 724 665 797 scripturn
688 726 824 782 comdiue
849 725 914 782 ie
937 725 1116 783 Concordiae
1142 719 1229 790 ¹²⁸)
1272 724 1305 779 Α

291 879 369 930 etiarn
388 879 491 941 evenit,
511 887 538 930 ut
553 879 626 930 dlart.
644 857 690 942 tlt,
710 876 752 943 38,
771 876 906 932 deodicis
928 877 956 929 Τ.
974 879 1129 930 librarius
1121 894 1149 929 rn
1167 876 1304 960 archetypi

290 963 406 1015 lectione
423 982 503 1015 noras
520 964 701 1046 compendium
714 982 732 1016 rr
751 981 811 1018 orus
829 965 912 1016 lutere
930 964 998 1015 male
1017 966 1156 1031 opinatus,
1174 980 1226 1014 nou
1243 981 1304 1015 orus

288 1049 1303 1100 scriberet..

223 1129 285 1196 127)
304 1133 341 1184 lta
358 1133 454 1184 foetum
474 1143 529 1198 est,
548 1137 601 1185 ut
594 1152 620 1185 ιη
639 1134 777 1187 codicibus
795 1136 919 1187 Varronis
938 1135 972 1186 de
991 1134 1019 1185 L.
1032 1133 1062 1188 L.
1080 1133 1216 1201 permultis
1234 1135 1301 1187 locis

296 1221 421 1285 negativa
437 1221 564 1286 particula
584 1222 759 1274 omitteretur:
779 1222 812 1274 cf.
830 1222 949 1288 Mueller.
967 1219 1052 1271 Praei.
1070 1237 1095 1287 p.
1110 1220 1198 1274 xxvi.
1223 1218 1304 1273 Porro

294 1303 535 1364 ordineordme
553 1306 635 1357 lectio
654 1305 730 1359 codd.
751 1306 833 1378 Neap.
845 1307 926 1358 Paris.
939 1305 1024 1358 Periz.
1042 1306 1138 1360 etedd.
1155 1314 1220 1359 vett.
1238 1309 1304 1358 caira

290 1393 412 1459 populum
429 1401 453 1443 et
471 1391 645 1457 circumfundi
668 1410 756 1445 coram
774 1410 807 1444 ex
826 1391 983 1460 compendio
1002 1370 1090 1445 corum
1108 1400 1164 1462 orta
1184 1408 1242 1443 esse
1260 1394 1304 1452 yi-

291 1475 380 1527 detnr:
404 1486 476 1528 recte
495 1479 574 1544 igitur
584 1478 704 1546 plerique
723 1478 838 1530 editores
853 1479 1017 1529 recentiores
1031 1494 1063 1529 ex
1082 1479 1220 1546 ingeniosa
1238 1492 1306 1528 oon-

288 1562 388 1612 iecturn
400 1555 512 1612 hcidnlii
532 1571 558 1612 et
572 1555 670 1614 Schelii
689 1580 810 1614 eoronam
827 1565 1032 1630 rescripserunt,
1052 1565 1125 1615 cuius
1139 1563 1305 1614 emendatio-

290 1647 331 1700 nis
356 1649 457 1704 iuterna
482 1657 634 1717 argumenta
657 1649 711 1700 vid.
735 1649 804 1716 apud
826 1649 995 1702 Waltherunr.
1043 1647 1165 1702 Ceterum
1187 1647 1226 1699 'de
1252 1664 1303 1699 usu

288 1732 431 1800 loquendi,
459 1750 490 1784 ex
509 1751 561 1802 quo
581 1736 657 1785 etiam
676 1736 710 1797 ii,
730 1736 775 1802 qui
793 1734 860 1786 alios
880 1736 1001 1801 cingunt,
1021 1733 1191 1785 circumfundi
1210 1733 1305 1784 dicun-

288 1826 345 1882 tur,
370 1819 416 1872 cir.
434 1827 538 1885 praeter
556 1819 715 1874 waltherum
736 1822 813 1874 etiam
827 1818 1046 1886 ‘Oudendorpium
1065 1818 1099 1872 ud
1114 1819 1180 1873 Birt.
1201 1818 1228 1868 Β.
1246 1818 1303 1872 hir.

290 1905 324 1958 tlt
341 1921 373 1958 ao
390 1905 573 1964 Ruhnkeninm
592 1914 618 1956 et
636 1905 759 1962 llritziurn
779 1906 812 1960 ed
830 1906 890 1960 velt
907 1906 943 1968 ll,
961 1904 1006 1968 46,
1023 1907 1049 1961 l.
1084 1904 1148 1976 ltprn
1172 1905 1221 1956 hun
1240 1921 1304 1971 per-

289 1991 355 2044 tinet
372 1991 526 2044 felicissima
543 1992 693 2046 emendatio
714 1990 822 2054 0relhi,
842 1993 885 2060 qui
910 1994 937 2046 in
960 1990 1027 2044 hiat.
1052 1988 1303 2057 to·0rmr.,r1pro

288 2074 406 2143 lectione
423 2077 546 2130 hlstorurn
568 2077 650 2143 Nenp.
669 2077 754 2132 Periz.
767 2078 868 2132 Veline.
886 2086 913 2130 et
931 2077 991 2129 edd.
1010 2085 1073 2134 velt.
1085 2079 1123 2130 sic
1139 2079 1222 2128 minor
1239 2094 1304 2126 ora-

290 2168 374 2213 torum
396 2162 509 2213 horum
532 2163 712 2229 obscuriorque
733 2164 816 2232 pluria
840 2172 877 2216 cst
897 2164 1035 2228 proposuit
1058 2180 1079 2214 s.
1104 2179 1136 2212 ro.
1156 2180 1180 2212 o.
1202 2163 1303 2213 honor

208 2307 210 2312 ,
289 2264 313 2298 o,
330 2247 365 2313 ql.
385 2265 405 2306 e.
429 2246 530 2308 Quodsi
543 2249 569 2306 in
584 2248 727 2313 archetypo
746 2229 793 2302 hdr
812 2250 937 2313 scripturn
957 2256 1028 2310 erat,
1046 2247 1170 2302 facillime
1189 2247 1216 2300 id
1228 2264 1302 2298 corn-

288 2331 412 2397 pendium
431 2331 504 2397 ahire
527 2334 612 2399 potnit
634 2334 660 2386 in
679 2334 782 2395 horum,
808 2347 887 2401 qnurn
903 2334 1056 2400 praesertim
1082 2335 1215 2401 genitivus
1238 2332 1299 2400 plu·

288 2417 352 2481 ralis
369 2427 501 2479 erutorum
517 2420 635 2485 proxime
653 2419 835 2487 praecederet.
873 2418 912 2475 ct.
932 2432 998 2487 qnae
1017 2434 1154 2485 suprap
1151 2420 1258 2487 tanqu.
1274 2427 1301 2473 et

289 2519 316 2570 p
330 2501 426 2572 2ilsqq
435 2504 468 2557 de
480 2486 575 2561 talibus
587 2506 659 2559 vitiis
672 2505 734 2563 dixi.
752 2505 851 2559 Suadet
863 2506 1072 2571 emendationem
1084 2506 1163 2571 mutu
1174 2504 1301 2572 hequen-

291 2590 390 2651 tissirna
403 2606 607 2655 synonymorum
619 2592 780 2654 coniunctio,
795 2608 876 2660 qnam
888 2600 979 2663 auctor
992 2591 1091 2658 dialogi
1109 2597 1233 2659 potonem
1252 2590 1300 2641 ad-

288 2676 393 2727 amavit.
413 2675 456 2726 Sic
467 2672 539 2737 etz.
554 2675 662 2743 legitur:
677 2677 730 2726 Nec
742 2677 803 2729 ullis
814 2686 860 2733 aot
875 2677 985 2742 plecte
1000 2679 1085 2729 maior
1103 2685 1149 2729 out
1166 2678 1300 2743 apustior

286 2761 395 2825 donor.
424 2760 549 2823 Similiter
567 2763 707 2815 coniuncta
725 2765 889 2829 reperiuntur
908 2779 930 2813 o.
945 2757 1057 2825 18fuuu
1067 2763 1214 2828 plumaque,
1234 2758 1298 2813 e26

293 2855 320 2907 et
334 2847 369 2899 dl
388 2847 447 2901 laus
465 2856 489 2897 et
505 2848 604 2913 plor-ia,
623 2863 646 2901 c.
666 2849 680 2898 l
696 2851 771 2912 furno
787 2858 817 2901 ett
828 2849 901 2910 laus,
919 2863 961 2913 ap.
976 2846 1031 2899 cia.
1048 2863 1095 2913 pro
1109 2847 1217 2899 Murenae
1232 2847 1257 2909 5,
1268 2845 1300 2899 12

208 2968 210 2999 3
287 2933 366 2997 honos
384 2942 408 2983 et
424 2934 516 3000 pierio.
557 2933 597 2987 Ex
621 2936 752 2987 contrario
776 2933 843 2987 vett.
868 2932 904 2996 lt,
924 2932 987 2997 116,
1004 2934 1022 2985 5
1040 2933 1099 2987 eod.
1122 2932 1299 2985 llurhncensis

286 3024 354 3069 teste
373 3017 483 3070 Burerie
503 3017 638 3082 exhihuit,
658 3018 800 3086 apograph.
812 3017 1049 3075 Amertamienum
1066 3018 1200 3086 hodieque
1217 3033 1297 3086 prae-

285 3099 331 3151 bet
348 3103 504 3152 honorum
520 3105 633 3154 uir-orum
651 3107 772 3154 mentioni
788 3120 835 3169 pro
854 3104 961 3173 vulgato
980 3106 1092 3154 horum
1106 3121 1131 3156 e.
1149 3121 1182 3155 m.
1205 3103 1297 3155 Libra-

206 3216 208 3231 ,
286 3187 340 3247 rius
358 3186 535 3245 lllurbaconsis
559 3192 655 3256 quippe
680 3202 827 3255 pronomen
851 3192 944 3243 dorum
965 3206 1014 3256 pro
1041 3190 1199 3257 compendio
1221 3188 1298 3241 verbi

285 3272 409 3323 honorum
426 3276 551 3340 scripturn
560 3275 643 3333 fuisse
653 3274 817 3341 opinabatur.
841 3273 881 3329 Cf.
895 3278 974 3329 etiarn
986 3273 1133 3328 Goesuhem
1147 3275 1202 3327 lud.
1215 3274 1297 3343 sigla-

287 3374 344 3409 rum
360 3374 386 3426 p.
404 3358 455 3414 455
472 3376 512 3427 sq.
525 3360 589 3414 507.
685 3382 687 3387 >
987 3404 990 3411 .
1091 3404 1095 3411 ,

91 3485 96 3495 ,
147 3438 149 3441 ’
221 3441 284 3508 128)
301 3442 390 3496 Potuit
408 3453 494 3499 tamen
518 3446 545 3496 id
570 3461 676 3514 quoque
699 3446 772 3507 fieri,
797 3455 825 3501 ut
846 3448 974 3514 scriptura
997 3447 1100 3498 cordine
1123 3463 1156 3499 ex
1168 3447 1296 3514 neglecto

208 3568 211 3575 .
286 3530 405 3595 syllabae
424 3549 471 3593 ceu
490 3532 647 3598 compendio
666 3530 680 3563 ⁶
699 3531 744 3582 vol
766 3532 834 3587 orel
851 3547 870 3588 e
887 3534 1017 3595 oriretur,
1033 3531 1103 3585 unde
1116 3531 1298 3585 crehraillius

286 3615 405 3681 syllabae
430 3619 537 3671 omissio
557 3617 705 3684 ¹repetenda
730 3618 841 3671 videtur.
877 3617 1042 3678 Quo'etiam
1064 3618 1161 3670 iactum
1188 3625 1244 3682 est,
1269 3626 1297 3668 nt

182 3746 185 3754 ,
286 3699 342 3753 Cin.
361 3701 434 3754 Lael.
458 3703 490 3767 7,
520 3701 553 3756 23
571 3705 597 3753 in
620 3703 698 3761 codd.
722 3703 776 3756 Eri.
800 3703 881 3759 doen.
904 3703 972 3759 Pto.
995 3704 1025 3755 B.
1052 3702 1195 3756 Gerrhardi
1219 3712 1245 3755 et
1268 3705 1299 3755 in

284 3803 337 3838 uno
355 3787 462 3839 hlauutii
480 3790 642 3852 unctionem,
660 3790 687 3841 iu
706 3789 807 3845 duobus
824 3790 942 3843 Berolin.
961 3798 987 3845 et
1004 3799 1097 3842 vetera
1112 3790 1182 3842 libro
1200 3789 1296 3858 Langii

283 3875 434 3923 vinctionem
457 3876 617 3938 reperiretur
640 3891 688 3941 pro
711 3876 819 3965 vulgata
843 3883 870 3928 et
893 3876 1062 3942 plurimorum
1087 3884 1114 3928 et
1140 3877 1297 3942 optimorum

284 3957 408 4008 librorum
426 3959 543 4011 lectione
561 3962 857 4029 corrinnetr'onempquoe
871 3964 963 4028 optinui
977 3959 1088 4029 Gudiaui
1105 3962 1209 4027 codicis
1227 3960 1294 4012 scri-

285 4052 362 4112 ptura
380 4044 548 4099 cinunctionem
565 4048 675 4113 egregie
687 4046 809 4098 lirmatur.
844 4046 909 4101 lbid.
926 4046 953 4112 9,
971 4045 1006 4100 32
1022 4048 1129 4115 culpata
1148 4048 1229 4099 lentio
1246 4046 1296 4096 ho-

281 4137 355 4181 nesta
366 4132 472 4183 certatio
486 4132 546 4183 nata
559 4146 618 4185 esso
629 4131 734 4186 videtur
744 4147 776 4182 ex
794 4135 925 4199 terreatis„
939 4133 1011 4201 quod
1022 4133 1205 4200 compendium
1219 4131 1296 4183 vocis

283 4216 437 4271 concertatio
453 4216 480 4269 in
511 4218 626 4285 quinquo
649 4218 757 4277 Manutii
773 4215 913 4281 tibrum
936 4217 1037 4272 duobus
1056 4217 1141 4271 Onon.
1159 4226 1185 4270 ut
1201 4215 1297 4271 liresd.
