2934 4775
695 278 846 371 —d-2*

219 483 380 540 currentium
410 495 474 536 non
489 480 619 551 ,adjutum
638 495 721 546 esra,
745 477 813 533 sed
839 484 928 533 tamen
956 478 1014 548 pari
1044 475 1129 534 rom
1157 480 1205 532 aut
1234 482 1325 532 aetate

218 583 352 656 deceptos
374 599 459 655 saepe
481 583 574 655 piures
601 582 636 637 de
658 580 758 637 eodem
780 595 902 651 corpore
922 578 997 635 reiut
1023 579 1065 635 aui
1094 579 1226 649 cuiusque
1252 595 1325 650 pro·

216 687 309 758 pinqui
332 694 463 743 certasse.
506 686 543 739 At
564 685 635 739 hanc
656 699 711 739 non
734 699 798 739 esse
819 683 876 740 loci
892 683 1085 740 condicionem
1106 680 1189 738 iaoile
1210 689 1253 738 est
1274 682 1320 738 iu·

216 788 337 845 teitectu.
381 789 556 859 Nequaquam
577 787 649 842 enim
678 786 821 843 contuntur
842 786 928 841 iacies
955 786 1014 856 pari
1037 786 1142 841 imriae
1164 790 1210 840 aut
1241 784 1324 839 aetati

218 893 344 964 opposita
368 905 432 948 esse
446 896 547 962 potest.
590 890 620 945 si
643 905 694 961 qua
716 890 814 946 mortni
836 890 922 945 iacies
937 889 1010 945 maie
1031 887 1121 959 aliqua
1135 887 1224 946 obruti
1246 903 1319 942 con·

216 995 302 1050 fusior
323 993 462 1062 redditur,
486 992 660 1062 investigatio
690 993 750 1048 veri
780 1008 813 1048 ea
836 992 976 1048 debititate
997 990 1112 1062 per'mde
1134 1007 1167 1046 ac
1189 990 1315 1046 similitu-

217 1096 280 1154 dine
306 1097 411 1151 iormne
440 1103 487 1152 aut
507 1096 604 1151 aetatis
632 1095 791 1167 impeditur:
818 1096 910 1167 itaque
931 1095 1041 1150 etiam
1070 1093 1212 1150 confusior
1235 1093 1320 1150 faties

217 1199 360 1270 agnituros
382 1200 409 1254 iu
432 1215 554 1256 errorem
569 1199 650 1255 iuciie
673 1199 783 1254 inducit.
828 1198 938 1254 Tacitus
959 1198 1042 1268 igitur
1063 1196 1091 1252 id
1112 1196 1204 1268 potius
1226 1195 1320 1251 dicere

215 1302 279 1357 mihi
300 1302 424 1372 videtur,
456 1301 554 1358 faeiem
583 1301 719 1357 homiuum
749 1300 825 1357 ruina
847 1300 1037 1372 amphitheatri
1066 1300 1224 1358 obfuturam
1246 1314 1317 1355 con·

216 1403 345 1460 iuniorem
367 1406 469 1474 inisse,
492 1420 570 1476 quam
598 1409 627 1460 nt
649 1403 766 1458 exanimi
793 1420 844 1475 pro
867 1410 945 1459 certo
968 1402 1084 1474 agnosci
1106 1403 1259 1474 potuerint,
1282 1409 1318 1457 et

215 1522 308 1578 pereni
329 1507 443 1563 formem
464 1514 510 1562 ant
531 1513 649 1562 aetatem
670 1507 838 1562 neomsariis
858 1512 904 1561 ant
918 1505 1012 1562 amieis
1032 1521 1118 1577 saepe
1139 1504 1313 1577 imposuisse,
1330 1481 1333 1498 ¹

104 1647 111 1657 .
216 1611 292 1664 utin
315 1609 386 1665 idern
409 1609 527 1665 cadaver
547 1608 700 1666 incidentes
721 1608 767 1664 etii
789 1609 861 1665 atiud
884 1625 985 1680 eorpus
1007 1623 1165 1679 agrrnscere
1187 1607 1240 1663 sihi
1261 1607 1312 1664 risi

213 1710 274 1767 sint.
317 1711 453 1767 Simitiima
476 1727 512 1767 ex
534 1712 724 1768 emendatione
739 1712 874 1769 Piehenae
896 1710 929 1768 Α.
951 1712 993 1782 ΙΙ,
1016 1711 1077 1780 hd,
1095 1717 1128 1767 ‘art
1149 1727 1230 1782 supra
1252 1718 1310 1767 ret·

215 1814 278 1884 tuti,
300 1813 435 1887 crudique
456 1832 525 1888 peut
540 1833 577 1871 ea
591 1817 748 1887 autquitm
769 1815 912 1871 taurorum
932 1815 1054 1887 impertiit
1074 1822 1112 1870 et
1133 1816 1190 1870 aits
1206 1822 1315 1870 terra-

213 1934 277 1972 rum
297 1918 423 1990 vulgatur
443 1934 494 1990 pro
517 1919 650 1991 scriptura
672 1918 778 1975 codicis
807 1920 928 1989 inperiis
950 1919 1015 1973 sed
1035 1919 1094 1973 situ
1120 1925 1137 1972 t.
1183 1915 1311 1972 Ceteram

213 2026 327 2092 utraque
349 2022 489 2093 corruptio
511 2037 548 2077 eo
570 2021 676 2077 iacitius
705 2022 771 2078 oriri
792 2022 897 2093 potuit,
919 2037 974 2092 qun
997 2019 1167 2077 verisimilius
1197 2027 1249 2090 est,
1278 2019 1316 2073 n-

212 2122 330 2178 hrurinm
343 2123 486 2194 archetypi
509 2118 567 2189 ²⁸)
588 2123 673 2179 iorme
688 2130 819 2179 retusum
833 2123 919 2179 fuisse
943 2118 1027 2189 ²⁸¹).
1070 2123 1109 2178 lta
1132 2122 1165 2178 Α.
1188 2122 1241 2192 iV,
1264 2120 1315 2179 tt.

214 2225 297 2281 tectio
312 2225 376 2283 cod
399 2242 536 2282 certauere
548 2233 666 2297 patres,
688 2233 723 2282 et
744 2235 912 2282 manserunt
934 2234 988 2282 etc.
1013 2231 1073 2282 orta
1090 2233 1133 2281 est
1152 2241 1191 2283 ex
1212 2226 1312 2282 arche·

214 2328 272 2400 tppi
299 2328 432 2400 scriptura
465 2345 490 2383 c.
513 2336 632 2401 potres,
653 2336 710 2385 ret
737 2345 772 2390 m.
803 2335 855 2385 etc.
905 2328 939 2384 Α.
968 2329 1034 2401 iifl,
1062 2326 1113 2384 di.
1140 2328 1225 2386 lentio
1251 2329 1315 2386 cad.

212 2431 263 2486 ida.
275 2433 417 2504 potuisset
438 2431 620 2488 tradidisset
642 2448 678 2488 ex
698 2433 841 2504 archetypi
862 2433 995 2504 seriptnra
1016 2434 1156 2506 patuisset
1172 2433 1315 2490 tradtaet

213 2532 347 2604 originem
369 2534 459 2590 traxit.
502 2533 535 2590 tt.
557 2534 587 2606 l,
611 2537 639 2592 5.
662 2535 747 2592 lectio
770 2536 852 2594 codd.
875 2537 1005 2592 Motorum
1027 2536 1055 2592 et
1076 2536 1140 2595 edd.
1161 2543 1225 2593 vett.
1256 2553 1312 2608 op-

209 2652 344 2710 pressas:
378 2645 413 2693 et
449 2639 578 2709 quamuis
606 2645 666 2695 orta
696 2655 732 2695 ex
755 2641 888 2713 scriptura
918 2648 1149 2714 oppresserunt
1176 2641 1313 2712 qaaaceir.

248 2807 275 2812 .-
288 2806 399 2813 --—----
407 2806 454 2812 -..-

235 2900 283 2966 28)
302 2902 405 2955 Etenim
425 2905 450 2954 in
472 2911 599 2971 scripture
619 2903 696 2958 codd.
715 2904 892 2955 Mediceorum
912 2906 1024 2971 vestigia
1044 2903 1099 2969 ejus
1117 2904 1252 2956 scribendi
1269 2920 1313 2955 ra-

301 2990 398 3053 tionis,
418 2980 468 3058 qu'a
487 2988 626 3042 Tacitus
644 2992 702 3057 ipse
728 2990 870 3058 antiquitus
895 3006 956 3040 usus
974 2988 1068 3054 inerit,
1092 2990 1227 3059 hodieque
1245 3006 1312 3041 con-

301 3076 393 3140 spicua
412 3092 471 3128 esse
490 3101 521 3111 -
542 3076 569 3127 id
588 3075 658 3143 quod
672 3070 785 3126 Baebius
804 3077 925 3141 opinatus
945 3083 1035 3126 est-
1053 3077 1116 3127 mihi
1136 3076 1241 3144 quidem
1258 3091 1312 3127 non

298 3168 527 3227 est'persuesum.
569 3161 662 3229 Neque
688 3164 758 3210 enim
784 3161 942 3212 crediderim
966 3178 1025 3213 curu
1047 3170 1153 3213 veteres
1179 3160 1310 3224 librarios,

297 3248 341 3313 qui
359 3246 452 3299 librum
464 3247 577 3315 aliquem
596 3249 622 3296 in
638 3248 719 3312 prima
731 3246 890 3313 exemplaria
902 3249 973 3300 iussu
984 3249 1067 3314 ipsius
1085 3249 1200 3301 auctoris
1213 3249 1256 3300 vel
1270 3247 1313 3298 bi-

296 3331 432 3399 bliopolae
447 3336 696 3398 transscripserunt,
715 3334 742 3382 in
760 3351 789 3385 re
803 3332 1008 3402 orthographica
1027 3351 1084 3387 eam
1094 3336 1164 3385 uiam
1176 3336 1310 3403 ingressos

297 3436 372 3484 esse,
391 3429 419 3469 ut
443 3435 514 3470 suam
540 3421 651 3486 quisque
676 3418 809 3470 scribendi
833 3419 1051 3471 consuetudinem
1076 3419 1224 3472 abiecerint
1242 3428 1267 3470 et
1285 3421 1312 3469 in

298 3504 479 3556 describendis
492 3503 668 3555 voluminibus
686 3520 743 3555 earn
757 3490 885 3556 rationem
899 3507 976 3555 anxie
989 3506 1159 3569 retinuerint,
1179 3522 1230 3575 qua
1246 3506 1314 3556 scri·

296 3600 356 3657 ptor
374 3594 432 3657 ipse
451 3597 495 3640 eut
508 3586 646 3653 librarius,
666 3591 708 3641 eui
725 3592 749 3642 is
763 3591 856 3642 librum
875 3606 948 3641 suurn
963 3589 1124 3654 dictaverat,
1143 3608 1205 3643 usus
1222 3592 1312 3654 fuerit,

297 3684 350 3726 tnui
368 3677 543 3742 posteriorum
562 3683 708 3743 temporum
727 3677 849 3729 librarios
868 3678 894 3727 in
913 3693 959 3739 re,
977 3692 1045 3744 quae
1071 3693 1103 3728 cx
1121 3677 1225 3729 illorum
1243 3685 1312 3726 tem-

296 3777 388 3829 porum
407 3760 507 3812 iudicio
527 3777 591 3815 saue
609 3762 743 3815 levissima
761 3763 922 3826 habebatur,
949 3762 1027 3814 fidem
1046 3763 1239 3831 diplomaticam
1258 3770 1311 3813 mm

294 3846 408 3897 fideliter
426 3861 564 3911 servasse,
590 3855 621 3898 ut
640 3848 852 3900 molestissimam
876 3848 963 3916 legem
988 3849 1038 3901 sihi
1057 3851 1108 3916 ipsi
1126 3849 1308 3916 imposuerint.

234 3964 237 3967 -
296 3931 368 3983 Haec
388 3940 466 4000 atque
484 3932 548 3983 tatia
565 3942 654 3985 nostra
674 3935 778 3985 demum
796 3944 868 3986 aetas
886 3936 954 3986 vidit
979 3943 1057 4005 atque
1076 3937 1188 3987 invenit.

210 4017 275 4086 teu)
293 4019 322 4070 ln
341 4018 461 4071 diediceo
481 4019 585 4088 quidem
604 4019 699 4072 codice
719 4021 816 4089 legitur
833 4020 867 4074 A.
884 4021 908 4084 l,
927 4023 953 4077 d.
969 4031 1017 4072 set
1033 4032 1115 4074 uetere
1139 4032 1215 4091 atque
1231 4023 1312 4072 insitu

295 4103 420 4158 Claudiae
436 4107 552 4172 familiae
575 4107 711 4175 superdia‚·
740 4126 764 4164 c.
781 4105 823 4159 32.
847 4117 913 4161 extr.
935 4114 993 4159 ‘set
1008 4110 1108 4177 pariter
1139 4110 1311 4160 ardescerent.

295 4192 335 4251 ct.
352 4193 493 4246 Pioheuam
511 4196 538 4245 in
556 4193 642 4249 Praei.
661 4195 702 4251 ed.
721 4195 803 4248 Tacit.
