2934 4775
668 295 709 353 ot

142 491 395 550 rinus·cditorilsns
417 493 579 564 inserendo,
601 499 672 566 ent,
694 493 770 565 qnod
798 491 923 564 equidem
950 510 1009 550 cum
1037 495 1061 550 l.
1089 495 1132 552 Fr.
1162 496 1237 554 (iro-

142 594 227 650 nnrio
248 601 278 650 ct
299 593 485 652 Freinshemio
507 597 696 668 praetulerim,
718 612 871 668 pronomen
881 598 969 652 nattis
991 604 1145 655 emevocc
1164 616 1240 672 pra-

142 680 468 769 pontiniacensem
483 706 533 755 en.
579 698 620 755 cr.
634 697 669 754 A.
689 700 717 771 1,
743 698 791 754 re.
805 697 862 754 ino.
880 697 988 755 moero
1003 701 1111 756 norst
1131 711 1241 759 enm

144 802 176 854 in
196 800 363 857 Amantiam
383 803 452 857 ira.
501 800 534 857 A.
550 801 610 872 XV,
633 801 681 857 to.
705 799 879 857 minanam
900 804 1043 858 emnam
1064 801 1242 876 desipnaterm

144 904 258 958 natta
280 905 443 975 inparia,
468 905 519 959 sed
541 906 687 960 amorrei
711 903 845 977 pallidae
866 906 1005 975 εοοίαυὲις
1033 921 1056 960 a.
1087 905 1138 965 64.
1165 910 1241 972 Nero
1297 919 1299 924 ’

142 1007 248 1061 nallo
274 1007 306 1060 in
323 1007 493 1062 'Paaltiaant
510 1008 775 1079 proprietatio
788 1049 794 1062 .
807 1029 816 1063 ¹.
831 1045 860 1062 ..
879 1005 999 1063 nodat
1015 1016 1137 1065 mortem
1147 1011 1240 1082 irnpe-

144 1114 201 1162 rat.
215 1117 245 1146 -2
261 1108 330 1163 Dein
352 1106 385 1163 A.
407 1107 465 1178 xit,
487 1105 540 1163 dd.
562 1110 679 1164 domitia
699 1110 726 1165 le
747 1108 937 1180 pro·l)onitia
959 1109 1070 1181 Lepide·
1115 1110 1147 1167 A.
1170 1112 1240 1183 Atti,

142 1210 172 1264 8.
193 1210 305 1266 verbnm
326 1212 477 1266 inserviret
506 1211 637 1268 amasam
658 1217 723 1284 post
745 1212 829 1267 verbe
852 1213 914 1284 qai,
937 1220 970 1267 at
988 1212 1094 1283 famae.
1137 1214 1169 1271 (l.
1191 1212 1240 1270 53.

142 1312 294 1368 Mosellam
316 1322 401 1386 atqae
420 1315 504 1385 lacta
526 1331 577 1387 pro
601 1316 752 1370 Mosellam
784 1324 870 1386 atpae
899 1314 1046 1371 Ararim
1072 1316 1164 1388 facta.
1208 1318 1241 1374 A.

142 1415 222 1486 xiv,
247 1415 295 1473 20.
317 1416 401 1472 lectio
423 1417 505 1473 codd.
524 1417 828 1474 intinctionem.
847 1434 918 1490 pars
939 1420 1086 1492 afflatione
1107 1425 1153 1475 'ant
1170 1435 1254 1502 pare⁸

142 1519 299 1592 impatt’qae
322 1520 429 1576 amiens
458 1520 571 1592 nolletis
598 1535 647 1576 nra
665 1528 885 1591 'etqneenan
912 1537 948 1577 ex
970 1522 1088 1593 genmm
1109 1523 1242 1595 scriptino

142 1622 336 1677 Pharasmani
358 1624 581 1696 Polemonique
602 1624 738 1694 originem
762 1623 852 1694 derit,
876 1639 956 1694 qnam
977 1624 1138 1695 pracsertim
1158 1627 1241 1683 verbs

135 1741 230 1797 pars
251 1726 403 1782 Armeniae
418 1727 501 1799 poulo
524 1727 694 1783 antecedant.
739 1726 769 1782 (l.
793 1724 841 1781 56.
865 1725 983 1783 liliatas
995 1743 1047 1798 pro
1070 1726 1240 1786 liberalitas.

141 1828 176 1882 A.
199 1830 267 1899 XV,
292 1830 341 1885 52.
365 1831 618 1903 aperamomissnm
640 1833 705 1900 poet
726 1830 838 1884 datoris
857 1830 887 1884 in
910 1829 972 1884 aad.
988 1830 1038 1885 ile.
1061 1837 1090 1885 et
1111 1831 1155 1887 ed.
1168 1831 1240 1903 Spin.

142 1931 172 1986 ὓ.
196 1931 245 1988 (id.
268 1934 380 1987 verbm
401 1935 523 2004 imperat
545 1931 715 1988 desideretur
737 1931 862 1985 inlibris
883 1931 1000 1986 familiae
1017 1931 1154 1988 Romanae
1175 1941 1241 2005 poet

142 2053 222 2094 racc.
252 2035 373 2092 inniberi
401 2044 526 2092 mortem.
572 2032 605 2089 A.
627 2033 706 2103 XVI,
730 2031 780 2087 30.
803 2038 872 2088 extr.
903 2033 994 2088 codex
1016 2034 1067 2088 Mn.
1095 2040 1167 2091 tene
1188 2036 1241 2092 Vi·

137 2139 230 2195 'ctorio
253 2140 426 2212 participium
440 2140 561 2193 amanto
581 2143 645 2192 ente
662 2137 849 2207 desolataque
863 2136 966 2191 omittit.
1010 2135 1040 2192 ll.
1064 2136 1091 2207 1,
1115 2137 1164 2194 ot.
1185 2138 1241 2196 init.

142 2244 290 2299 lectionem
313 2240 394 2297 codd.
415 2239 499 2296 Mad.
523 2246 550 2296 et
572 2240 614 2295 ed.
628 2239 697 2311 Spin.
720 2247 843 2295 actorem
863 2241 939 2295 inter
959 2238 1159 2311 Laodanenses
1178 2236 1242 2308 (od.

131 2347 210 2419 ‚Spin
226 2339 456 2419 Lapdanensem]
482 2342 654 2399 discordiam
676 2357 712 2398 cx
727 2342 845 2414 genuine
868 2342 1000 2414 scripturn
1022 2359 1048 2399 a.
1069 2343 1144 2400 inter
1159 2344 1239 2417 Lap-

143 2448 283 2506 danenscs
310 2449 541 2519 Viennensesqae
564 2447 738 2502 discordiam
765 2447 802 2500 ita
824 2451 910 2500 ortem
939 2453 1020 2517 puta,
1051 2454 1080 2502 nt
1101 2448 1240 2518 aequalem

142 2554 242 2609 exitum
264 2553 400 2608 nominum
424 2550 625 2621 laodonenses
648 2555 675 2603 et
700 2549 873 2603 Viennenses
896 2547 932 2602 ob
955 2547 1016 2603 soni
1037 2549 1083 2604 vei
1104 2548 1240 2605 literarum

143 2650 342 2712 similitudinem
358 2654 469 2709 librario
493 2651 636 2722 archetypi
654 2650 752 2706 vetusti
775 2650 861 2704 mendi
875 2650 960 2705 luisse
981 2656 1097 2721 statues,
1119 2657 1149 2706 nt
1161 2651 1240 2723 Lap-

141 2759 336 2829 danenscsqae
365 2730 519 2827 conpererit.
569 2754 637 2809 Tum
671 2753 704 2807 nb
741 2752 849 2807 illorum
878 2751 1003 2807 codicum
1039 2752 1154 2809 librariis
1185 2749 1239 2821 (de

144 2861 245 2917 ceteris
274 2860 344 2915 enim
374 2858 447 2914 libris
470 2857 545 2913 listis
573 2857 654 2912 ellum
682 2855 816 2910 silentium
846 2848 905 2919 est]
932 2853 1036 2924 syllaba
1064 2872 1147 2927 qne,
1170 2872 1240 2927 quae

141 2965 177 3019 nir
197 2964 254 3019 hnc
274 2963 340 3018 loco
354 2962 441 3017 aliene
457 2978 520 3035 esec
532 2961 690 3028 videbatur,
713 2958 830 3026 omisso,
853 2957 1035 3013 ePuteoleno
1057 2973 1124 3013 vcro
1140 2974 1238 3015 nomen

147 3066 319 3125 Viennenses
340 3066 412 3120 bene
427 3064 544 3119 additum
557 3068 616 3118 cet.
659 3059 820 3119 Excedam
835 3058 934 3115 mendo
957 3058 987 3114 H.
1011 3061 1050 3130 V,
1075 3057 1123 3116 11.
1146 3040 1237 3119 rern-

140 3176 182 3224 tes
203 3169 330 3225 iectionis
354 3167 479 3223 codicum
502 3173 529 3221 et
552 3165 698 3221 editionum
727 3164 843 3218 lemiiiee
866 3162 1018 3218 (innuentia
1040 3170 1100 3219 orte
1122 3171 1172 3221 cet.
1215 3166 1237 3221 li

140 3272 210 3328 enim
230 3272 292 3327 libri
315 3287 366 3343 pro
390 3270 500 3339 vulgata
524 3283 539 3323 e
562 3267 623 3323 cod.
648 3266 678 3321 R.
703 3274 730 3321 ct
753 3262 794 3321 ed:
818 3266 888 3336 Spin.
911 3265 1043 3336 scripture
1066 3274 1159 3322 tarres

139 3377 170 3429 in
184 3384 317 3441 centenos
332 3375 371 3429 ai
380 3389 561 3444 ccaosqae
584 3365 659 3436 (scil.
671 3365 772 3441 pedes)
797 3364 1002 3424 attollebantur
1017 3367 1146 3423 exhibent
1168 3377 1234 3424 tar-

142 3493 189 3531 rcs
271 3519 277 3531 .
301 3519 307 3532 .
329 3454 513 3533 incantando
536 3489 678 3546 qaoque
701 3470 915 3527 attollebantur.
960 3469 1100 3541 Originem
1121 3470 1236 3529 vitiosae

139 3578 218 3648 hnjns
235 3577 359 3633 lectionis
372 3579 474 3634 indicet
485 3577 577 3633 codex
591 3574 638 3645 B.,
662 3574 819 3645 qnippeqni
834 3576 866 3631 in
880 3581 1081 3645 romanosque
1095 3575 1234 3645 praebent.

139 3680 170 3736 il.
184 3680 232 3749 W,
255 3676 304 3733 38.
319 3682 345 3734 in
360 3681 481 3736 lectione
494 3676 576 3736 codd.
591 3677 706 3734 nmen.
722 3685 750 3733 et
761 3677 888 3747 edtspir.
905 3677 931 3730 is
941 3678 1106 3748 provinciae
1118 3695 1233 3751 nepaa-

142 3800 228 3858 qaam
250 3779 377 3838 turbidas
391 3785 518 3853 inpenin,
541 3784 591 3838 sed
613 3817 773 3838 ......
795 3781 896 3851 calpae
919 3822 926 3835 .
950 3822 956 3836 .
979 3820 987 3836 .
1011 3824 1016 3836 .
1040 3782 1170 3837 clansam
1191 3783 1233 3837 li-

129 3896 200 3960 tas,
223 3887 341 3944 retineri
371 3893 557 3956 commentas,
586 3887 651 3941 dam
681 3873 773 3953 timet,
798 3881 932 3938 credebat
962 3880 1071 3939 verbnm
1099 3885 1143 3940 vel
1165 3884 1233 3939 suh·

138 3991 282 4047 nandium
303 3988 430 4060 adquod,
461 3988 537 4059 quod
564 3987 598 4042 ed
627 4004 725 4047 vocem
742 3988 909 4060 provinciae
932 3987 1059 4061 attinent,
1083 3985 1231 4042 desiderari

140 4092 222 4148 incito
237 4092 426 4162 moerenia,
447 4092 507 4147 sire
523 4105 584 4145 cnm
598 4091 673 4147 libris
686 4090 796 4161 towns
805 4098 833 4147 ct
842 4136 844 4143 .
854 4089 935 4149 editis
950 4088 1066 4147 familiae
1082 4088 1231 4145 Genueneis

132 4200 428 4268 promaterterae.
447 4193 747 4267 procinctaeineem,
770 4193 835 4249 otii.
848 4192 883 4247 A
902 4190 968 4330 1115,
995 4189 1040 4247 ii.
1062 4189 1231 4262 pusinnae
