2934 4775
687 276 838 371 ...Q-

214 473 305 532 brsrio
328 476 485 548 archetypi,
516 493 569 547 quo
599 477 697 533 luctum
727 483 784 547 est,
814 481 844 532 ut
871 475 899 529 in
919 479 985 530 vett
1007 472 1087 529 libris
1109 477 1137 527 et
1157 468 1267 541 scriptis
1290 475 1318 526 et

214 576 293 634 editis
315 586 424 650 proeter
439 578 486 649 6.,
508 579 535 634 in
558 581 767 653 quoperloeret
788 584 846 648 cst,
866 577 968 650 placere
990 582 1036 632 aut
1052 576 1168 649 plueret
1188 588 1240 645 pro
1254 572 1317 629 rul-

213 686 277 749 gsts
294 696 336 736 ex
359 682 547 739 emendatione
569 682 690 738 Rbensni
711 682 844 752 scriptura
862 681 996 753 perluere
1018 677 1193 734 scriberetur.

316 784 382 839 Tum
402 801 472 857 prce
496 792 529 848 et
551 801 605 857 pro
627 784 866 855 praepositiones,
888 788 918 837 ut
939 780 1095 837 sexcenties
1124 779 1152 835 iu
1173 778 1233 834 eliis
1256 793 1311 834 co-

214 884 319 940 dicibus
346 881 439 955 147),
463 888 498 941 its
526 887 554 941 in
583 887 713 943 liediceis
743 886 875 942 interdum
903 891 967 941 sunt
994 889 1169 954 permutatae.
1213 880 1259 936 Sic
1280 880 1315 935 ΙΙ

213 987 247 1044 Α.
269 988 322 1058 ΙΙΙ,
346 990 374 1043 5.
394 990 589 1061 praepositam
611 997 674 1046 tero
698 989 819 1061 effipiem
840 1003 891 1059 pro
913 984 1108 1056 vulgata‘inde
1130 985 1164 1039 eb
1184 983 1315 1040 Oberlino

214 1088 336 1145 lectione
355 1093 532 1163 propositam
554 1100 574 1147 t.
596 1109 620 1147 e.
643 1091 771 1162 exbibet,
795 1098 823 1147 et
839 1089 895 1158 Vl,
921 1083 971 1144 ΙΙ.
990 1087 1046 1142 init.
1067 1085 1223 1160 praefectis
1245 1127 1252 1141 .
1275 1127 1282 1140 .
1306 1127 1313 1141 .

216 1190 329 1261 rapidas
350 1209 402 1264 pro
420 1195 561 1266 profectis
576 1236 582 1248 .
597 1234 605 1249 .
622 1238 628 1249 .
643 1193 765 1265 sepibus.
809 1193 901 1248 lobia.
924 1190 956 1246 ΙΙ.
977 1190 1034 1259 lV,
1059 1188 1105 1246 lt.
1124 1189 1316 1260 providissent

212 1309 264 1363 pro
284 1297 507 1366 praevidissent,
530 1303 558 1352 ct
579 1298 621 1365 V,
647 1295 694 1352 ll.
718 1302 788 1353 teste
808 1293 932 1351 Victorio
947 1276 1049 1385 ⁴{inire
1077 1292 1095 1347 i.
1119 1308 1144 1347 e.
1163 1291 1314 1363 praevisae

219 1395 262 1450 vel
280 1399 430 1468 preduce,
454 1405 525 1453 teste
538 1398 645 1469 Ryelsic
668 1415 704 1454 ex
727 1397 876 1454 collatione
897 1396 955 1452 lec.
978 1394 1109 1451 Gronorii
1128 1394 1242 1466 precise
1261 1408 1315 1463 pro

214 1498 319 1554 codicis
339 1500 371 1555 Α
395 1501 527 1571 scriptura
539 1502 656 1572 provisa
677 1500 779 1570 legitur
804 1494 894 1568 Ι*ὓς
914 1500 1031 1571 provisa
1054 1514 1070 1554 c
1090 1495 1224 1558 sentemic
1240 1495 1317 1551 libc-

214 1601 294 1669 nani,
330 1602 467 1658 Picbenee
500 1610 582 1673 atque
611 1603 709 1673 Ryckii
745 1601 949 1672 benemeritis,
987 1599 1143 1670 Broterius,
1170 1598 1318 1670 Bipontini,

214 1702 357 1772 walther,
379 1703 506 1774 Belilier,
529 1705 632 1776 Ritter,
656 1703 820 1777 Rupertins,
841 1704 1023 1775 Klosslingius
1053 1703 1081 1758 in
1107 1708 1211 1758 textum
1231 1716 1318 1757 rece-

214 1810 327 1874 perunt,
349 1805 377 1860 id
393 1806 467 1876 quod
489 1806 614 1877 equidem
630 1806 818 1877 probaverim,
841 1806 891 1862 nisi
907 1806 981 1877 quod
997 1804 1107 1876 dubito,
1131 1819 1165 1858 un
1179 1803 1206 1857 in
1228 1803 1315 1858 lormu

210 1908 345 1978 provisae
367 1907 457 1979 potius
476 1882 642 1981 prosuae-e
664 1909 681 1964 i.
705 1925 729 1964 e.
749 1911 867 1982 proviso
889 1922 950 1965 csse
972 1909 1064 1964 lateat
1106 1905 1226 1962 Verbum
1247 1905 1317 1961 snb·

214 2010 356 2066 stentivum
385 2012 456 2068 cuim
477 2011 549 2082 sigla
573 1983 605 2066 ee
646 2003 814 2082 significetur
840 2008 884 2079 (v.
914 2029 938 2069 c.
964 2012 992 2067 in
1022 2008 1181 2065 Ossselluno
1218 2008 1319 2064 codice

216 2111 321 2180 Servii,
344 2111 380 2168 cl.
403 2112 482 2168 etism
504 2112 657 2170 Benedicti.
679 2114 697 2168 l.
719 2114 736 2169 l.
760 2115 815 2170 tub.
837 2114 887 2172 60.
910 2122 987 2185 etp.
1012 2112 1084 2168 539.
1105 2118 1160 2168 not.
1186 2107 1213 2165 Ι.
1235 2117 1319 2180 etque

217 2211 269 2269 od.
290 2214 413 2272 Mueller.
431 2215 518 2271 Praei.
543 2216 714 2272 ed.Varron.
736 2233 764 2287 p.
778 2217 861 2273 XXV.
884 2210 989 2284 extr),
1010 2230 1049 2272 ex
1072 2230 1126 2284 quo
1147 2213 1317 2284 intelligitur,

218 2315 264 2384 qni
293 2316 392 2370 lectum
414 2316 464 2387 sit,
496 2324 524 2371 ut
545 2319 622 2373 Verr.
654 2317 688 2374 de
710 2318 740 2373 L.
762 2318 791 2373 L.
815 2320 847 2374 V.
879 2321 906 2383 §.
932 2317 1000 2373 ΙΙΙ.
1030 2334 1056 2390 p.
1081 2315 1130 2372 69.
1159 2316 1204 2371 cd.
1226 2316 1317 2376 bineli,

218 2416 244 2473 iu
268 2417 367 2473 codice
388 2419 511 2479 Parisino
533 2419 620 2490 primo
643 2437 711 2491 ece,
734 2421 907 2480 insecundo
930 2428 975 2492 ct,
998 2421 1025 2477 in
1039 2420 1164 2477 Golhsno
1186 2419 1242 2475 bec
1262 2435 1314 2490 pro

220 2525 282 2574 cett.
306 2520 387 2587 codd.
410 2522 542 2593 scriptura
565 2539 626 2580 esse
648 2522 793 2594 reperitur.
837 2524 943 2582 Eodem
966 2521 1174 2593 discrepantium
1196 2523 1316 2593 scriptu-

218 2637 284 2691 rue,
314 2638 382 2693 qnae
409 2624 472 2679 ibid
502 2627 529 2688 δ,
561 2622 630 2681 155.
661 2638 687 2695 p.
719 2625 769 2680 60.
799 2632 891 2696 extet,
919 2627 1058 2698 pertinere
1087 2624 1156 2680 scite
1178 2625 1318 2681 annotavit

220 2724 332 2779 Mueller
354 2724 441 2779 Praei.
464 2725 481 2781 l.
504 2725 521 2779 Ι.
565 2725 738 2782 Florentinus
761 2728 831 2783 enim
858 2734 887 2783 ,ct
908 2728 1044 2784 secundus
1067 2725 1202 2783 Parisinus
1225 2727 1318 2783 codex

218 2842 326 2882 causac
343 2825 360 2881 i.
376 2841 400 2881 e.
423 2799 456 2907 c}
486 2821 552 2892 (cir.
574 2828 725 2885 Benedicti.
754 2829 772 2884 l.
787 2830 804 2885 l.
826 2846 852 2900 p.
877 2825 981 2901 539.),
1006 2829 1144 2887 Gotbsnus
1166 2820 1218 2903 e'e,
1241 2831 1318 2887 Hau·

217 2928 318 2985 niensis
341 2945 402 2984 esse
432 2929 550 2985 exhibet.
603 2930 728 2987 Ceterum
758 2931 803 2986 vix
826 2937 883 3003 est,
908 2932 981 3002 quod
1002 2949 1148 2991 memorem
1169 2935 1317 2991 lectionem

219 3092 472 3105 munna-—

238 3193 301 3263 lii)
321 3196 359 3249 Cl.
378 3196 512 3252 Drakenb.
538 3202 571 3253 sd
595 3202 651 3255 Liv.
670 3204 718 3266 ΙΧ,
740 3201 786 3265 10,
805 3202 830 3258 7.
865 3203 1000 3257 Eceteris
1027 3206 1163 3259 codicibus
1192 3207 1317 3261 Tacitinis

306 3284 425 3351 exempla
445 3285 529 3336 attulit
546 3287 665 3339 Waltber
684 3287 716 3338 sd
734 3285 801 3338 Anu.
819 3286 868 3351 ΧΙ,
888 3286 921 3342 37
939 3298 966 3340 ct
984 3290 1058 3355 XIV,
1076 3290 1109 3345 32
1132 3302 1159 3344 ct
1176 3296 1271 3360 passim
1290 3295 1318 3343 in

302 3369 390 3421 indice
408 3378 534 3426 annotatt.
570 3370 626 3427 Cic.
646 3371 717 3427 Orat.
735 3369 778 3436 41,
799 3371 847 3427 146
865 3374 916 3424 MS.
927 3374 1055 3429 Einsiedl.
1067 3393 1115 3443 pro
1127 3380 1236 3447 vulgato
1252 3397 1319 3447 prae

246 3444 248 3451 ¹
302 3473 341 3507 mc
360 3457 407 3507 tuli
424 3456 566 3525 hebetpro
583 3476 622 3509 me
640 3459 695 3511 tali.
724 3458 793 3518 Quin
812 3459 889 3509 etium
907 3462 957 3510 viri
976 3461 1048 3513 docti
1067 3463 1100 3515 de
1117 3463 1161 3516 his
1179 3465 1253 3533 siglis
1273 3465 1317 3516 in-

220 3524 222 3533 *
301 3543 476 3609 terpretandis
500 3545 568 3595 inter
594 3559 623 3594 se
651 3544 817 3612 discrepent,
840 3552 868 3594 ut
891 3543 959 3597 Anu.
981 3547 1028 3611 xl,
1054 3550 1071 3602 'l
1101 3567 1132 3603 ex
1158 3549 1317 3618 compendio

304 3629 439 3708 pridem,
459 3630 529 3698 quod
546 3631 573 3680 in
586 3630 635 3682 ile.
653 3637 721 3681 teste
739 3630 763 3686 J.
776 3629 909 3681 Gronovio
924 3639 1008 3696 extet,
1027 3633 1319 3705 Pichenapreeviderit,

306 3716 404 3766 rectius
421 3730 486 3768 vcro
505 3715 528 3767 J.
548 3714 695 3809 Gronoviuaes
714 3725 741 3767 et
758 3716 890 3767 Victorius
906 3719 1046 3783 providerit
1069 3723 1268 3785 extricaverint,
1287 3736 1321 3771 ac

302 3817 418 3868 vicissim
436 3817 502 3871 Hist.
520 3818 552 3879 V,
572 3820 603 3873 17
622 3819 811 3885 compendium
835 3794 927 3914 &oisc
940 3818 1057 3875 Picbene
1071 3827 1190 3891 proebe,
1208 3824 1230 3877 l.
1251 3821 1321 3875 Gro-

304 3912 399 3962 novius
415 3914 515 3980 previse
532 3914 717 3980 interpretetus
736 3915 780 3966 sit.

236 3991 300 4060 148)
318 3994 358 4046 De
375 3995 587 4064 frequentissima
597 3997 690 4051 horum
701 3998 842 4053 verborum
852 4002 1044 4067 permutatione
1058 4019 1201 4072 eorumque
1221 4003 1320 4054 discri-

208 4095 221 4132 ι
244 4136 247 4143 ,
299 4082 370 4133 mine
389 4080 580 4134 ciniirskenb.
597 4083 686 4137 adsil.
703 4083 784 4149 XVll,
802 4084 851 4150 56,
871 4084 1040 4154 Oudendorp.
1058 4087 1091 4140 ed
1102 4088 1175 4141 Suet.
1192 4088 1265 4157 Aug.
1273 4085 1314 4141 10.

209 4165 215 4183 ”
302 4166 359 4223 Tib.
377 4163 425 4232 ii,
442 4166 569 4221 Waltbcr.
587 4167 621 4219 ad
639 4168 699 4226 Tac.
716 4169 787 4225 Ann.
803 4171 846 4236 ΧΙ,
864 4172 890 4225 l.
