2934 4775
752 264 793 321 36

697 347 847 359 -—·-—---·

225 464 313 529 erant,
335 460 393 518 beri
414 460 532 530 solebat,
554 467 584 516 ut
600 460 693 518 sinitis
706 460 845 532 cujusdam
858 458 997 530 vocabuli,
1017 458 1091 531 quod
1110 456 1193 514 modo
1211 455 1325 514 desmi-

217 568 342 633 pserant,
365 579 499 620 memores
520 580 579 620 rem
606 564 644 619 ita
666 564 792 635 expediri
820 563 1010 636 opinarentur,
1032 569 1061 618 ut
1089 561 1123 617 sd
1151 560 1324 616 substituen-

215 662 278 720 dam
307 664 378 721 buno
398 681 497 722 rocem
517 680 570 737 pro
592 664 673 722 dubia
693 666 871 737 sulingen-ent
901 664 1067 736 Quamquam
1087 662 1220 722 interdum
1240 663 1325 719 ctiam

216 766 334 838 eccidit,
364 774 393 824 ut
420 768 495 824 ndis
526 768 638 838 tegendi
665 768 823 825 difficultate
857 769 885 824 in
907 767 1047 839 angustias
1075 764 1166 822 coacti
1196 765 1323 837 propria

216 869 358 928 oscitantia
380 885 414 926 ac
432 869 562 927 socordia
576 870 687 928 verbum
701 870 838 941 quoddam
852 870 979 941 proxime
989 868 1081 928 ‘sinite
1095 868 1243 926 redderent
1254 863 1267 898 ²
1277 863 1321 931 ¹).

215 957 302 1041 Quam
324 973 547 1030 observationem
567 973 609 1030 his
630 973 763 1045 exemplis
785 973 927 1044 probatum
949 972 982 1030 iri
1003 983 1098 1043 spero.

317 1073 351 1130 A.
375 1072 396 1144 1,
420 1074 468 1131 18.
492 1075 555 1132 cod.
578 1075 611 1132 ΙΙ.
633 1076 746 1132 exhibet
773 1083 802 1132 et
828 1075 854 1130 si
875 1076 928 1130 cib
949 1073 1029 1132 bonis
1051 1071 1164 1130 ortibus
1185 1074 1262 1144 preti
1282 1073 1321 1130 iss

214 1177 333 1247 catam.-
354 1177 516 1249 s'sacipitis‘s
539 1219 545 1233 .
570 1219 575 1233 .
598 1219 606 1232 .
629 1219 635 1233 .
657 1194 688 1234 se
709 1179 839 1234 inserant
860 1178 1068 1250 proiicipitiis
1090 1217 1097 1233 .
1120 1216 1127 1233 .
1150 1216 1158 1232 .
1180 1218 1189 1232 .
1210 1193 1241 1232 se
1264 1178 1318 1232 iss-

217 1286 325 1334 aarum.
369 1277 400 1334 6.
423 1278 471 1334 51.
498 1280 619 1336 Tatios
640 1296 691 1351 pro
717 1281 803 1337 Titias
825 1281 861 1336 ob
877 1280 1043 1337 antecedens
1064 1295 1162 1338 aenon
1187 1280 1318 1336 Tutius.

215 1378 251 1436 ΙΙ.
274 1380 308 1451 ΙΙ,
333 1379 360 1435 2.
381 1380 591 1452 majoribus
612 1397 665 1453 pro
690 1382 815 1440 moribus
837 1384 874 1440 oh
895 1382 1019 1440 anteced
1042 1395 1104 1438 voc.
1126 1380 1318 1452 mojorem.

215 1481 249 1538 Α.
273 1483 326 1553 ΙΙΙ,
352 1485 379 1540 5.
402 1492 466 1540 cot
490 1483 657 1542 demonico
680 1501 730 1556 pro
758 1494 791 1542 ct
814 1486 980 1543 Gemmcico
1009 1485 1036 1540 in
1064 1483 1127 1541 cod
1149 1484 1185 1542 ii
1206 1482 1318 1555 iegitur,

214 1585 341 1657 quonian
362 1586 622 1646 anteceduntvcrba
644 1596 711 1644 oct
733 1605 807 1662 pace
826 1589 935 1662 posteri
954 1589 1130 1658 maestos,
1159 1587 1316 1644 mames

218 1769 472 1779 ——--—-—-

231 1915 279 1983 ²1)
298 1918 342 1972 Sic
355 1919 466 1973 biartiah
483 1919 543 1983 ΧΙΙ,
564 1917 610 1985 tt,
632 1918 672 1975 16.
696 1921 724 1972 in
738 1927 837 1988 optimo
857 1919 917 1976 cod.
936 1919 1055 1972 Parisino
1074 1934 1089 1971 a
1106 1918 1315 1971 Schneidewiao

299 2004 377 2056 litera
394 2003 422 2059 T.
440 2007 545 2074 signato
563 2010 651 2057 tusci
657 2025 692 2058 cr
709 2022 758 2073 pro
782 2009 862 2057 tutior
878 2008 1002 2073 scriptum
1027 2014 1083 2068 est,
1102 2006 1226 2073 quoniam
1243 2015 1269 2058 a.
1286 2001 1315 2059 9.

297 2106 392 2143 nomen
408 2091 525 2143 Tuscis
542 2095 661 2158 proxime
672 2092 815 2145 antecedit.
850 2091 933 2144 Porro
944 2090 1085 2159 Epipaii,
1104 2091 1130 2154 1,
1149 2088 1174 2144 2.
1192 2090 1314 2141 librarius

297 2175 357 2228 cod.
375 2177 453 2231 Voss.
477 2176 507 2233 R.
525 2179 629 2244 scripsit
647 2178 775 2228 Historias
787 2178 881 2240 hellas,
901 2179 1019 2228 carmina
1037 2175 1122 2229 tette
1138 2179 1222 2241 facis,
1252 2176 1314 2239 quia

296 2261 323 2311 in
335 2277 413 2313 versu
424 2263 508 2330 primo
528 2262 655 2313 &clames
674 2262 773 2325 belle,
792 2280 886 2313 corusca
899 2265 968 2329 apis,
986 2260 1083 2324 Attice,
1103 2261 1185 2312 belle
1202 2260 1313 2328 legerat.

232 2333 238 2342 ’
295 2344 324 2398 ln
342 2347 416 2402 biart.
433 2347 523 2417 Epigr.
542 2347 575 2399 de
597 2347 761 2416 Spectaculis
787 2344 835 2413 23,
854 2343 878 2399 4.
903 2352 1015 2415 optimus
1040 2347 1098 2399 cod.
1117 2345 1200 2400 Poris.
1218 2345 1247 2400 T.
1265 2359 1313 2398 ex·

294 2431 368 2483 hibet
393 2433 451 2484 itte
469 2435 544 2484 cessit
560 2450 608 2500 pro
632 2433 672 2485 iili
694 2436 784 2498 cessit,
821 2436 944 2502 quoniam
967 2435 1143 2485 nominativus
1169 2434 1229 2484 sits
1255 2432 1314 2483 taedii

297 2532 325 2570 v.
342 2516 368 2572 ³.
385 2518 532 2584 praecedit.
565 2519 594 2570 ln
612 2520 698 2572 simiis
715 2522 808 2572 vitium
827 2520 950 2587 delapsus
969 2519 1135 2571 doctissimus
1146 2518 1312 2570 Burmannus

299 2602 332 2653 ad
350 2603 423 2655 biart.
436 2603 579 2670 Suppositt.
598 2602 629 2670 1,
646 2605 672 2657 6.
691 2622 706 2657 e
725 2606 784 2659 cod.
801 2606 930 2661 Vossiano
943 2606 973 2660 R.
987 2609 1079 2671 sessore
1096 2606 1204 2656 tibens
1227 2604 1312 2668 affert,

300 2703 378 2756 quum
398 2687 492 2741 eodem
505 2706 585 2742 versu
602 2694 698 2760 strinpo
716 2692 822 2745 libens
841 2692 951 2760 legatur.
986 2691 1083 2745 Docuit
1095 2698 1181 2742 autern
1200 2688 1312 2740 Schnei-

294 2772 417 2825 dewinus
435 2773 471 2826 ibi
493 2778 617 2843 scriptum
633 2793 692 2828 esse
714 2778 760 2827 lib·
785 2779 804 2831 i.
822 2793 845 2829 e.
864 2776 941 2837 liber,
960 2761 1013 2827 ute
1033 2779 1128 2828 ceteris
1147 2775 1220 2826 libris
1238 2782 1310 2825 recte

295 2858 429 2928 vulgatur.
464 2858 504 2918 cf.
515 2861 658 2914 editionem
669 2861 840 2914 Schneidew.
857 2860 917 2914 Vol.
934 2859 964 2910 ΙΙ.
981 2877 1008 2927 p.
1022 2859 1081 2915 736.
1117 2859 1202 2912 Etiam
1219 2858 1310 2928 Epigr.

296 2942 347 3009 ΙΙΙ,
362 2945 415 3012 66,
437 2949 463 2998 d.
492 2948 519 2999 in
547 2948 606 3000 cod.
628 2946 749 3000 Palatino
772 2946 884 3014 aliisque
906 2945 994 2998 bonae
1011 2955 1099 3000 nome*
1115 2946 1189 2998 libris
1212 2946 1311 3013 tegitur

296 3035 466 3099 womtcrpro
483 3036 585 3100 sapitas
608 3070 616 3097 ,
636 3036 698 3101 quin
713 3049 741 3086 a.
758 3031 785 3085 3.
804 3035 882 3084 suasis
892 3032 1039 3100 praecedit.
1072 3031 1221 3100 Epipauii,
1233 3028 1265 3093 3,
1286 3030 1309 3083 Ι.

296 3117 408 3182 optimus
431 3116 516 3169 codex
533 3117 677 3169 Vossianus
700 3117 732 3172 R.
752 3133 810 3168 cum
828 3117 905 3172 Voss.
928 3118 960 3174 A.
978 3125 1009 3182 ta
1026 3135 1066 3186 pr.
1083 3117 1175 3180 manu)
1194 3126 1220 3168 et
1237 3116 1309 3167 lian-

296 3216 431 3253 noverano
450 3200 555 3252 exhibet
576 3203 663 3264 Sexte,
681 3202 769 3253 nibil
786 3203 872 3267 debes,
891 3205 971 3256 nibil
988 3205 1070 3267 debes,
1088 3205 1179 3266 Sexte,
1196 3205 1308 3264 fatemur

294 3302 342 3354 pro
360 3289 450 3350 Sexte,
476 3288 541 3337 nihil
562 3286 647 3351 debes,
664 3289 703 3339 nii
720 3288 807 3353 debes,
825 3290 916 3354 Secta,
938 3293 1061 3356 fatemur.
1096 3286 1152 3345 cic.
1177 3286 1248 3340 Orat.
1264 3283 1307 3350 46,

294 3371 353 3426 155.
372 3371 457 3423 codex
473 3371 580 3441 Eriarug.
598 3372 677 3426 habet
694 3377 833 3426 exitium
854 3377 1004 3444 interpretes
1027 3391 1076 3442 pro
1094 3375 1203 3442 vulgato
1221 3379 1308 3425 scissa

292 3459 457 3525 interpretas,
478 3460 575 3526 quippe
593 3474 671 3527 quum
689 3463 830 3512 emittam
848 3479 956 3513 acumen
978 3462 1058 3528 panis
1076 3467 1137 3512 ante
1154 3458 1306 3528 praecedat.

294 3541 362 3598 ibid.
384 3540 432 3610 16,
458 3540 528 3599 151..
544 3548 571 3597 in
596 3544 656 3597 edd.
679 3546 746 3604 Veri.
772 3543 795 3599 1.
812 3543 838 3601 2.
856 3545 958 3601 Tulich.
974 3547 1075 3603 Victor.
1092 3546 1190 3612 Meyer.
1208 3547 1306 3615 legitur

295 3630 325 3678 io
342 3646 391 3696 pao
415 3632 541 3697 paidom
558 3667 566 3684 .
584 3667 592 3685 .
610 3667 643 3685 ..
666 3633 854 3700 reprehendunt
875 3649 923 3701 pro
951 3633 1058 3701 uulgata
1075 3635 1103 3687 io
1132 3651 1181 3701 quo
1203 3634 1307 3700 quidam

294 3720 361 3778 eto.;
379 3716 476 3783 quippe
487 3717 605 3783 proxime
618 3717 751 3769 antecedit
768 3719 896 3785 quidem
906 3719 1049 3785 particula,
1068 3734 1135 3787 quae
1149 3718 1258 3770 alterum
1271 3717 1305 3770 il-

293 3799 340 3852 lud
357 3802 458 3868 quidem
474 3803 560 3854 traxit.
585 3801 652 3857 ibid.
662 3799 706 3866 19,
726 3793 784 3857 tiit.
795 3804 873 3857 codd.
892 3812 918 3855 et
930 3803 990 3857 edd.
1008 3804 1041 3855 ad
1053 3802 1212 3857 Orellianam
1222 3822 1305 3874 usqne

292 3902 341 3955 pro
360 3886 515 3942 coniectura
527 3887 642 3940 Ernestii
654 3888 753 3940 idcicro
771 3898 798 3941 et
811 3890 913 3943 Orellio
928 3888 1041 3958 prohat's
1050 3890 1171 3960 ‘mopso'
1182 3891 1306 3949 exhibent

294 3975 426 4043 idemque,
445 3973 517 4043 quod
533 3982 639 4042 praeter
656 3983 813 4042 perpetuam
837 3978 864 4028 in
881 3976 952 4028 histis
971 3977 1153 4030 confusionem
1170 3978 1304 4030 literarum

293 4063 311 4113 d
328 4069 354 4114 et
372 4070 382 4113 t
399 4060 462 4112 inde
481 4059 585 4113 videtur
610 4062 739 4129 originem
761 4064 886 4128 traxisse,
905 4062 976 4132 quod
999 4065 1026 4115 in
1045 4063 1263 4117 antecedentibus
1280 4072 1304 4116 et

283 4147 362 4200 ideas
378 4156 423 4211 apt
439 4146 556 4214 idaiam
571 4147 792 4217 saapiuaiegitor
808 4164 835 4202 v.
852 4165 876 4202 c.
893 4148 937 4211 §§.
954 4147 1014 4203 155.
1031 4149 1090 4205 156.
1109 4147 1167 4202 151.
1194 4156 1196 4159 ’
