2934 4775
648 285 799 381 ..til—-

172 484 385 557 deterritis,
400 487 448 559 qui
461 484 715 558 obstiteraat3
738 485 815 556 All,
831 484 878 542 17.
894 485 950 542 ‹tco
964 485 1087 543 bostium
1101 486 1216 558 apmiaa
1230 485 1280 541 di·

171 604 256 645 aersa
269 588 349 661 supa,
364 590 525 662 quiailcam
540 596 759 660 tenuerant,
780 592 811 645 iri
831 597 943 661 aperta
959 591 1007 661 qai
1028 589 1134 662 canapis
1154 586 1279 645 adsti-

172 698 321 762 terunt,
343 694 374 746 ia
395 693 496 747 sileam
508 690 649 762 metune·
671 692 797 763 blllll,
822 691 870 747 st.
886 699 956 749 extr.
979 694 1071 764 captis
1093 693 1279 760 caesisve,

175 795 223 866 qui
242 795 425 866 pervicacius
446 796 696 864 restitaraat3
719 795 787 865 Agr.
803 795 855 852 36.
871 796 1027 864 atratis,
1049 795 1097 865 qui
1126 796 1158 849 ia
1186 809 1279 864 aequa

173 897 240 952 ada
249 898 395 953 titeraa
404 906 423 953 t.
446 895 556 968 Quippe
574 897 697 953 homiues
710 897 771 951 ltali
786 903 831 952 aut
844 896 1019 966 Francogalli
1033 911 1084 966 pre
1099 896 1280 956 recentiorum

177 999 331 1070 linguarum
345 999 458 1070 ingenio
483 1006 563 1070 atque
577 1016 628 1054 usu
649 999 688 1054 ad
707 999 910 1070 permutandum
931 999 1058 1069 perlecto
1071 998 1281 1069 plusquamper-

174 1101 278 1158 lectum
299 1109 405 1173 tempus
426 1103 507 1173 proni
528 1108 605 1158 erant
630 1094 694 1169 ⁸⁵).
739 1102 799 1158 Duo
823 1107 911 1157 autem
932 1100 1006 1172 loci,
1039 1102 1134 1171 quibus
1156 1100 1282 1157 Wattner

174 1205 245 1277 peri.
267 1212 374 1277 tempus
389 1206 458 1262 tueri
479 1212 595 1262 ceratia
611 1210 671 1275 est,
694 1205 727 1260 ab
750 1199 830 1270 bajus
850 1204 909 1259 loci
931 1204 1095 1261 condicione
1108 1202 1190 1258 alieni
1211 1208 1282 1258 aaut.

177 1307 285 1364 Etenim
313 1307 347 1366 Α.
376 1308 406 1378 Ι,
430 1307 479 1363 53.
508 1326 531 1363 s.
559 1309 729 1380 rescripsit
755 1314 785 1363 et
813 1307 869 1378 Vl,
892 1303 942 1361 31.
970 1324 992 1363 s.
1022 1324 1048 1365 v.
1068 1307 1204 1378 imposuit
1224 1320 1281 1375 rea,

177 1426 247 1481 quae
262 1411 289 1465 in
303 1411 440 1466 enuntiato
463 1426 513 1482 per
527 1410 667 1466 relativum
682 1424 834 1482 pronomen
852 1425 972 1479 euuexo,
996 1421 1119 1480 quaeque
1132 1408 1159 1462 in
1180 1407 1283 1479 prima·

175 1512 221 1569 rio
244 1513 413 1584 relenmtur,
436 1529 491 1568 non
513 1519 565 1569 ιιιιιι
588 1520 665 1570 arcto
687 1512 904 1583 consequentiae
931 1512 1040 1568 viuculo
1062 1511 1132 1567 inter
1153 1527 1185 1567 se
1209 1525 1280 1566 ceu·

168 1614 280 1686 junctae
302 1622 380 1688 suut,
409 1623 439 1671 ut
468 1616 590 1674 ordinem
620 1617 752 1687 temporis
782 1631 917 1686 expresse
938 1614 1089 1685 significari
1117 1612 1277 1669 asservari

172 1733 290 1774 necesse
313 1718 356 1774 sit.
400 1719 491 1774 Potuit
512 1719 596 1789 igitur
611 1719 728 1774 'lucium
750 1719 803 1774 illis
825 1718 896 1774 locis
918 1725 1043 1789 tempore
1063 1715 1197 1772 historice
1219 1713 1279 1770 ab·

174 1820 302 1876 soluto
324 1818 379 1874 uti·
416 1818 517 1876 Contra
530 1819 563 1875 Α.
578 1819 643 1890 xll,
667 1818 716 1875 31.
739 1826 877 1875 certamen
897 1819 1079 1876 resistentium
1092 1824 1121 1875 et
1133 1818 1234 1874 caedes
1248 1834 1282 1878 aa

176 1922 382 1978 continuatione
403 1937 437 1978 ac
459 1921 532 1977 serie
563 1921 636 1977 lacta
665 1927 743 1991 suut,
772 1927 802 1976 ut
829 1920 941 1978 alterum
962 1937 1000 1976 ex
1022 1920 1109 1976 altero
1133 1936 1231 1975 nexum
1254 1926 1282 1976 et

175 2024 255 2079 ambo
281 2023 353 2080 inter
374 2038 406 2080 se
433 2029 495 2095 apta
518 2023 704 2094 mitigatoque
724 2022 890 2080 uiderentur.
935 2022 1028 2091 Quare
1049 2022 1087 2078 ibi
1107 2021 1275 2078 relativo

175 2131 299 2197 tempere
321 2126 454 2184 historice
483 2142 574 2197 eoque
595 2127 864 2199 plusquamperfecto
896 2143 965 2199 opus
988 2134 1037 2183 est.
1083 2126 1177 2181 'lertio
1200 2123 1281 2180 deui-

177 2244 245 2301 que,
269 2245 348 2300 quem
367 2230 457 2285 atarllt
477 2230 619 2301 idabber,
643 2230 710 2286 loce
726 2230 771 2295 (is
792 2231 894 2302 legitur
908 2231 942 2286 Α
964 2231 1006 2302 11,
1030 2223 1099 2295 32.)
1122 2229 1215 2284 codex
1228 2243 1283 2284 nou

179 2334 336 2404 transtulit,
349 2321 400 2390 sed
415 2334 571 2390 traststatat
582 2333 714 2406 praebetq
737 2333 829 2406 itaque
843 2335 1024 2391 recentissimi
1040 2334 1162 2391 editores
1175 2337 1284 2404 praeter

182 2435 338 2508 Rupertium
359 2436 478 2492 Ernestii
500 2438 716 2492 emendationem
733 2439 938 2509 transtulerat,
962 2455 1013 2509 qua
1034 2437 1140 2510 syllaba
1162 2453 1194 2492 er
1214 2453 1285 2507 pro·

173 2544 235 2609 pter
251 2538 440 2609 compendium
462 2547 472 2571 ’
499 2539 544 2594 vel
562 2557 577 2572 ν
605 2539 705 2594 emissa
718 2539 877 2609 restituitur,
899 2544 1143 2612 tutoreceperunt.
1186 2540 1283 2610 Neque

180 2640 216 2695 ad
239 2641 445 2712 praeferendam
458 2641 574 2697 lermam
595 2642 762 2697 restiterant
774 2641 839 2696 nihil
860 2642 989 2698 momenti
1003 2642 1081 2698 allert
1102 2642 1207 2698 subtilis
1229 2642 1284 2697 ob·

176 2743 316 2813 servatio,
347 2734 486 2813 quamde
515 2743 669 2800 discrimine
697 2743 769 2799 iuter
795 2744 1000 2799 terminationes
1029 2750 1089 2800 tert.
1118 2759 1192 2814 pers.
1214 2742 1282 2814 plur.

101 2898 105 2903 .
176 2845 245 2917 perl.
268 2852 349 2918 temp.
378 2855 461 2903 eraut
487 2855 515 2903 et
544 2865 592 2904 ere
614 2845 686 2918 apud
709 2847 832 2902 'tacitum
861 2847 1006 2903 statuendo
1029 2847 1142 2919 protulit
1163 2845 1277 2902 Haemus

176 2947 204 3007 iu
226 2948 541 3006 ZimmermanniDiariis
564 2951 645 3023 antiq.
669 2951 718 3011 litt.
742 2967 768 3005 a.
793 2948 883 3005 1836.
906 2966 950 3005 uo.
974 2949 1041 3020 8l.‚
1063 2948 1181 3020 repetiit
1202 2955 1283 3021 atque

174 3050 204 3105 in
226 3051 379 3109 Sallustium
401 3052 481 3108 etiam
502 3047 637 3109 transtulit
657 3055 684 3109 iu
705 3058 762 3109 unt.
786 3051 858 3108 269.
888 3052 923 3108 ad
944 3051 1059 3123 Reisigil
1083 3051 1197 3108 Gramm.
1222 3052 1282 3108 Lat.

178 3152 205 3218 §.
231 3152 318 3224 1434
343 3170 500 3226 quamqutun
521 3171 576 3210 nou
605 3156 720 3226 singulis
744 3153 894 3226 quibusque
915 3156 1057 3211 sententiis
1079 3162 1125 3211 aut
1148 3155 1279 3211 emenda·

177 3256 296 3312 tionibus
319 3258 534 3329 subscripserim.
584 3259 619 3313 Ut
647 3273 727 3314 unum
750 3258 876 3329 alierum,
906 3264 934 3313 et
955 3257 1066 3314 Tacitus
1089 3264 1117 3313 et
1139 3257 1281 3314 Sallustius

176 3358 289 3415 formam
317 3369 402 3417 eruat
428 3361 500 3432 apud
535 3360 744 3431 conjunctiones
773 3369 944 3435 postquam,
980 3370 1028 3431 at,
1058 3358 1108 3416 ubi
1137 3359 1279 3418 admisisse

179 3572 436 3587 Μ*-

193 3670 242 3740 55)
262 3672 320 3734 Quo
337 3676 503 3742 factumest,
520 3686 549 3730 ut
567 3679 597 3733 H.
609 3678 656 3743 lll‚
673 3676 717 3736 80.
729 3680 756 3730 in
774 3679 848 3731 libris
861 3678 977 3730 familiae
989 3674 1136 3730 Genuensis
1149 3678 1282 3731 scribere·

261 3768 303 3811 tur
325 3765 371 3829 qui
399 3761 490 3814 Petilia
514 3761 612 3816 Ceriali
634 3774 818 3828 occurrerant,
848 3774 988 3816 exarmant
1011 3765 1148 3816 discrimen
1178 3765 1281 3827 adium

262 3846 311 3899 sed
330 3863 407 3915 quum
420 3847 482 3899 libri
499 3849 615 3902 familiae
626 3851 775 3915 Romanae,
794 3853 862 3902 inter
875 3866 941 3919 ques
954 3849 1014 3906 cod.
1026 3851 1092 3914 tta„
1111 3859 1281 3901 cacaverant

261 3932 422 4000 praebeant,
453 3941 480 3986 et
502 3935 529 3985 in
559 3935 610 3987 bne
635 3951 693 4004 cap.
716 3938 774 3988 sine
799 3935 853 3988 ulla
877 3936 1000 3987 lectionis
1024 3938 1153 3987 varietate
1176 3934 1280 4001 legatur

265 4018 431 4086 aequioribus
443 4020 536 4070 animis
554 4024 653 4090 accepti
670 4031 739 4085 aaut,
758 4024 803 4089 qai
820 4022 855 4072 ad
868 4021 1008 4072 Antoniam
1023 4029 1155 4082 aruerant,
1174 4026 1201 4069 at
1218 4035 1280 4071 usus

262 4103 392 4172 loquendi
408 4104 613 4174 plusquamperl.
637 4116 739 4175 tempus
766 4105 960 4176 quodammode
981 4113 1090 4173 poscat,
1114 4105 1279 4157 recentiores

260 4190 377 4245 editores
389 4190 452 4244 inde
470 4191 503 4244 ab
515 4191 637 4247 Ernestio
650 4195 804 4262 scripturam
816 4178 986 4247 uocauerant
1002 4199 1076 4245 recte
1087 4190 1278 4258 praetulerunt.
