2934 4775
209 468 273 524 cod.
296 469 365 540 lla,
389 467 484 539 quill.
506 468 547 538 ll,
573 464 642 522 too.
666 481 802 524 cremona
821 480 874 538 pro
897 448 1033 521 cremona}
1053 463 1072 519 i.
1094 478 1118 517 e.
1141 459 1310 518 mmmm

208 571 329 627 exhibet.
375 570 437 640 Quo
454 571 555 626 lactum
577 577 636 641 est,
659 577 689 625 ut
710 570 744 626 A.
763 570 843 640 xvi,
867 567 915 623 13.
937 568 1071 638 roriptura
1085 563 1225 634 archetypi
1245 564 1310 619 val-

210 680 274 744 gata
295 676 391 729 cicino
413 672 478 729 urbi
509 675 536 728 in
564 674 709 729 lectionem
732 672 814 729 codd.
838 673 888 728 ida.
917 667 950 735 (a
971 686 1014 742 pr.
1035 662 1133 732 manu)
1153 665 1309 724 tritomo.

207 777 269 831 edd.
292 775 350 831 Pnt.
372 776 434 831 Ber.
457 777 551 832 mersio
573 772 635 842 (vel
657 770 788 841 moenio]
815 774 879 830 urbi
900 770 963 841 [vel
984 768 1081 837 urbis)
1102 771 1206 841 abiret,
1230 785 1310 840 qunar

206 881 369 950 praesertim
398 879 495 935 literae
516 880 547 933 m'
569 895 585 933 a
613 895 639 933 m
670 885 699 934 ct
719 880 751 933 in
772 894 788 933 e
810 880 840 933 m‘
860 878 887 932 in
915 876 1100 948 antiquissimo
1124 889 1233 945 quoque
1255 888 1309 929 oo-

206 982 268 1037 dicc
289 983 335 1037 uix
359 982 595 1053 distinguerentur.
634 981 702 1036 »biri
718 982 746 1036 io
769 981 831 1036 ood.
854 980 905 1036 lla.
928 997 942 1036 r
965 997 1005 1051 pr.
1027 977 1222 1036 minuemus
1243 973 1309 1030 urbi

205 1086 334 1156 scriptum
357 1098 438 1153 esse3
463 1084 513 1140 red
536 1100 614 1154 quam
629 1084 768 1139 novissimi
791 1083 913 1139 editores
934 1099 1028 1154 parum
1041 1088 1169 1140 accurate
1191 1080 1228 1136 do
1249 1080 1307 1149 ojus

209 1187 316 1242 codicis
338 1187 459 1243 lectione
480 1187 648 1257 rettulerint,
670 1188 753 1242 liceat
774 1187 801 1241 ia
823 1202 883 1242 earn
904 1202 962 1241 rern
983 1185 1140 1256 diligentius
1160 1183 1307 1254 inquirere,

207 1295 238 1343 ut
262 1289 418 1345 criticorum
441 1291 476 1346 de
499 1290 592 1360 optimi
614 1289 674 1344 libri
689 1288 751 1345 listi
772 1290 906 1361 scriptura
926 1288 1063 1345 dissensio
1085 1287 1202 1344 tollatur.
1245 1284 1307 1355 lgi-

207 1403 252 1446 tur
274 1400 353 1463 qaunt
368 1391 426 1448 Jao.
444 1393 598 1448 Gronovius
620 1393 647 1446 in
670 1392 733 1448 eod.
751 1393 802 1447 illa.
826 1392 920 1464 priore
942 1408 1020 1447 muru
1041 1391 1126 1462 idque
1143 1389 1211 1446 satis
1234 1388 1308 1445 claro

207 1494 336 1564 scriptum
358 1495 443 1551 luisse
465 1502 580 1550 testetur
601 1496 714 1565 menia,
737 1502 765 1550 ct
786 1495 925 1552 Victorius
954 1495 981 1552 in
1002 1494 1126 1564 margine
1148 1492 1192 1549 ed.
1214 1492 1306 1550 Bero-

204 1598 275 1667 ald,
297 1598 323 1653 in
347 1614 398 1668 qua
412 1597 513 1668 iegitur
523 1599 636 1653 moenia
651 1596 743 1667 urbis,
767 1604 812 1653 aut
822 1613 904 1670 supra
918 1598 1017 1653 lincam
1031 1596 1115 1652 verba
1128 1596 1225 1654 roma
1239 1594 1304 1650 urbi

204 1700 392 1771 adscripserit,
417 1700 530 1756 codices
551 1701 618 1755 Aa.
642 1708 731 1757 autern
763 1706 791 1756 et
813 1700 856 1756 ed.
879 1701 950 1771 Spin.
974 1699 1111 1771 vulgatam
1132 1698 1198 1755 iudo
1220 1715 1236 1753 a
1257 1698 1305 1754 Li-

203 1805 265 1875 psio
298 1804 446 1859 lectionem
474 1806 571 1859 cicino
592 1802 657 1858 urbi
678 1803 844 1876 praebcant,
873 1802 991 1873 denique
1013 1815 1093 1873 quum
1121 1802 1184 1859 cod.
1206 1801 1254 1872 tt,
1276 1807 1305 1857 ut

205 1910 249 1976 qai
276 1909 346 1962 inter
367 1907 506 1978 uniusque
529 1907 822 1978 iamiliaescripturcra
843 1907 974 1962 fluctuare
995 1906 1099 1976 soleat,
1121 1906 1236 1961 moenio
1256 1906 1305 1960 oi·

204 2011 271 2065 cino
292 2008 357 2064 urbi
378 2010 522 2066 exhibeat:
544 2016 635 2081 patet,
658 2009 785 2065 librarios
807 2009 914 2065 codicis
937 2009 988 2066 lio.
1012 2009 1145 2079 eiusque,
1166 2008 1239 2064 ande
1260 2007 1305 2061 la-

202 2112 272 2166 milia
303 2112 455 2167 (leunensis
491 2114 625 2183 originem
662 2112 762 2182 traxit,
791 2128 828 2167 ax
856 2113 968 2168 incertia
1005 2111 1146 2182 archetypi
1179 2109 1304 2181 roatigiis

201 2230 299 2270 vocem
328 2216 439 2284 mertia,
469 2214 529 2283 ejus
557 2222 646 2268 autem
677 2213 784 2269 codicis
812 2214 964 2284 librarium,
989 2231 1025 2270 cx
1055 2231 1109 2286 quo
1132 2212 1215 2270 codd.
1237 2211 1303 2268 Ait.

202 2323 231 2371 ct
253 2316 295 2371 ed.
318 2316 388 2386 Spin.
420 2315 558 2385 descripta
587 2323 650 2370 sunt
679 2317 775 2371 cicino
805 2317 940 2372 elicuisse.
983 2316 1043 2372 lam
1065 2318 1088 2373 si
1108 2315 1168 2374 lac.
1192 2315 1304 2371 Grono-

200 2418 262 2474 vius
282 2424 327 2473 aut
343 2418 483 2477 Victorius
506 2426 700 2490 aaootassont,
722 2426 811 2475 utrum
833 2421 929 2476 eadem
951 2421 997 2476 iila
1019 2422 1127 2491 antiqua
1150 2436 1245 2489 manu,
1268 2435 1303 2474 an

201 2521 252 2577 alia
275 2535 363 2591 eaque
384 2521 540 2578 recentiore
562 2522 723 2578 vocabulum
743 2525 841 2579 alcino
862 2524 889 2578 in
912 2523 975 2580 cod.
992 2525 1044 2580 lla.
1065 2524 1194 2594 scriptum
1217 2529 1302 2593 osset,

201 2622 313 2679 decerni
333 2631 446 2695 posset,
469 2632 555 2680 utram
576 2625 701 2680 librarius
722 2624 783 2696 ipso
806 2641 929 2682 errorem
952 2625 1126 2696 correxerit,
1148 2640 1182 2680 au
1203 2632 1302 2697 postca

200 2725 306 2781 demum
327 2742 420 2782 veram
442 2728 604 2784 vocabulum
626 2744 663 2784 ex
685 2728 740 2783 alio
754 2727 871 2799 quodam
892 2728 961 2783 libro
985 2729 1055 2784 llsto
1077 2729 1121 2785 rol
1143 2743 1182 2784 ex
1203 2727 1302 2785 conie-

200 2834 275 2884 ctura
297 2829 409 2886 lectoris
432 2831 571 2887 cuiusdam
586 2831 703 2886 additum
724 2831 769 2887 sit.
813 2830 939 2886 Ceterum
952 2846 1007 2886 non
1029 2836 1072 2887 ost
1094 2831 1212 2902 dubium,
1236 2830 1298 2902 quio

198 2932 385 2988 victua-ortt
405 2949 471 2989 vcra
500 2933 536 2989 sit
563 2933 657 2988 leotio.
701 2933 742 2988 Gi.
762 2931 796 2987 il
818 2931 873 3001 lv,
904 2930 954 2988 do.
976 2934 1072 2991 vicino
1101 2932 1185 3004 urbi,·
1206 2932 1241 2989 A.
1264 2932 1298 3002 lt,

200 3033 249 3089 61.
272 3051 345 3090 orco
367 3044 395 3091 et
409 3035 493 3095 urbes
515 3045 543 3092 et
565 3038 661 3091 uicino
679 3035 816 3103 Graccis,⁸
838 3035 873 3091 A.
895 3034 949 3106 lv,
974 3035 1023 3092 11.
1041 3038 1205 3110 propinqua
1219 3035 1300 3105 urbir

198 3137 311 3193 llartiol.
334 3137 386 3208 Vl,
410 3137 468 3209 tto,
492 3138 519 3193 9.
542 3154 583 3208 aq.
610 3132 679 3201 ⁶⁰J:

282 3400 314 3454 A.
331 3402 399 3465 xrrr,
422 3400 464 3451 57.
484 3400 611 3449 memmae
624 3415 672 3465 pru
685 3398 813 3450 elemento
832 3408 857 3452 u
869 3400 900 3452 A.
913 3401 983 3465 rw,
1002 3399 1043 3456 54.
1062 3385 1090 3454 ir
1107 3400 1141 3467 (r.
1159 3419 1184 3457 a.
1203 3401 1296 3465 animi)

202 3508 204 3512 ·
282 3490 306 3537 ei
326 3503 374 3554 pro
399 3468 452 3537 uici
475 3487 492 3537 i.
512 3501 536 3537 c.
560 3487 651 3548 amici,
676 3484 718 3539 ed.
738 3485 805 3551 Spir.
825 3486 857 3541 Α.
880 3486 939 3551 llll,
963 3487 1006 3540 56.
1030 3492 1067 3539 eis
1090 3505 1137 3555 pro
1163 3491 1200 3540 cir
1219 3497 1245 3539 et
1263 3487 1296 3542 A.

284 3570 352 3634 xlii,
370 3572 413 3624 57.
437 3571 521 3621 eluisse
538 3586 586 3637 pro
611 3570 692 3622 eluvie
715 3570 831 3622 exhibet.
867 3573 942 3623 Varr.
955 3573 988 3624 de
1008 3574 1071 3627 l..L.
1083 3575 1142 3638 llll,
1159 3574 1184 3628 8.
1202 3591 1228 3642 p.
1240 3572 1298 3630 tto.

284 3654 327 3704 ed.
345 3656 435 3707 illuell.
452 3672 479 3722 p.
489 3655 521 3707 81
542 3655 654 3722 edrxllip.
673 3657 699 3707 in
718 3656 926 3712 cuodmua.
945 3674 989 3711 aaa
1006 3669 1030 3710 ta
1047 3661 1144 3728 legitur
1162 3677 1209 3727 pro
1228 3661 1297 3711 ecri-

280 3747 357 3806 ptura
376 3758 408 3792 ex
426 3742 557 3809 scaligeri
575 3741 761 3795 emendatione
779 3743 887 3812 vulgata
905 3753 983 3799 carte.
1018 3744 1081 3798 Hor.
1098 3746 1129 3797 A.
1137 3746 1167 3797 P.
1185 3746 1227 3800 17.
1245 3746 1297 3796 ali·

282 3834 346 3893 quot
370 3826 448 3880 codd.
470 3825 568 3878 habent
591 3831 743 3878 commiserit
766 3827 800 3891 (i.
819 3845 842 3882 c.
861 3827 986 3896 omiserit)
1005 3847 1053 3898 pro
1072 3834 1191 3884 emiserit.
1227 3831 1296 3884 Veli.

280 3909 307 3974 1,
326 3908 374 3974 10,
393 3908 418 3969 1.
430 3913 471 3965 ed.
482 3928 521 3981 pr.
536 3920 562 3963 et
573 3928 665 3981 apogr.
676 3912 782 3964 Amerb.
797 3914 954 3982 Olympicum
965 3931 1012 3982 pro
1022 3916 1176 3986 Olympicum
1189 3916 1295 3971 habent.

282 3994 322 4053 Gi.
341 3999 419 4049 etiam
439 3998 558 4064 scioppii
583 3997 616 4048 de
640 4006 695 4050 arte
715 4001 773 4053 orit.
791 4016 884 4057 comm.
901 4017 922 4052 s.
941 4017 985 4058 vv.
1004 4019 1082 4070 cpro
1100 4022 1113 4054 e
1132 4011 1158 4054 et
1176 4020 1253 4070 epro
1271 4019 1295 4058 c·

213 4078 261 4143 60)
280 4080 444 4135 Novissimus
455 4083 580 4135 Martialis
599 4083 686 4136 editor
697 4085 931 4150 Schneidewinus‚
951 4095 1039 4139 cetera
1053 4086 1087 4139 dc
1103 4096 1183 4154 poete
1196 4089 1294 4155 optime

280 4170 406 4234 meritas,
421 4171 449 4222 in
467 4185 501 4222 co
516 4186 620 4223 crrcroe
637 4170 700 4223 mibi
717 4170 837 4236 ridetur,
856 4171 927 4241 quod
944 4171 962 4225 l.
980 4172 1000 4230 l.
1018 4188 1051 4226 ox
1066 4173 1146 4227 codd.
1157 4172 1292 4238 Thuaaoe,
