2934 4775
701 277 741 332 95

172 485 280 550 sumpto
301 492 352 549 pro
375 476 450 547 vnig.
473 475 507 533 A.
529 493 564 532 m.
585 475 607 547 s.
629 474 794 549 adsumpto,-
818 491 842 530 c.
866 472 915 529 ni.
938 472 1049 534 adstitit
1070 489 1121 544 pro
1144 472 1272 543 obstitit,

172 596 197 636 c.
221 580 269 636 37.
292 588 360 637 extr.
374 579 567 652 adaequentur
587 595 638 651 pro
653 580 727 650 vulg.
749 579 961 650 conquesta,-
983 577 1018 633 Α.
1039 577 1084 646 ill,
1109 578 1137 633 5.
1161 577 1272 636 deditos

170 683 292 741 tonores
320 700 371 756 pro
399 683 508 742 debitos
537 683 583 753 in,-
606 682 640 738 Α.
661 683 716 752 Ν,
749 681 799 737 35.
822 681 948 738 adoleuit
976 695 1027 750 pru
1055 679 1187 736 abolevit.
1240 682 1274 745 Α,

171 787 244 857 iiiii,
269 786 318 842 56.
341 786 424 842 iectiu
448 786 529 842 codd.
552 786 602 840 iia.
626 785 656 841 B.
679 782 876 853 asisteatidus,
897 782 1043 840 editionum
1067 790 1187 840 veteram
1218 802 1272 842 us·

170 888 339 945 sistentibus
362 897 421 946 ortu
439 896 482 945 est
504 905 540 944 ex
555 890 698 960 archetypi
714 888 846 959 scriptura
870 884 1091 956 adsistentibus,
1116 903 1193 957 qnam
1210 887 1275 944 oud.

174 991 206 1046 G.
228 994 363 1064 seruauit,
392 992 577 1065 provulgata
607 1008 644 1048 ox
674 990 797 1046 Bhenaui
825 989 1014 1045 emendatione
1044 989 1163 1044 lectione
1192 989 1274 1045 adsi-

170 1094 323 1177 stantibus,
346 1097 455 1152 mente
485 1095 623 1151 contrario
651 1092 684 1149 Α.
707 1093 786 1163 xlv,
813 1091 859 1147 15.
882 1091 945 1147 oud.
976 1093 1036 1147 Vat.
1064 1092 1147 1163 Lipsii
1178 1099 1206 1147 at
1227 1094 1271 1149 od.

169 1198 240 1268 Spir.
263 1196 463 1255 obsidentibus
490 1215 541 1270 pro
572 1194 774 1253 adsistentibus
799 1195 938 1250 exhibeat.
982 1194 1016 1249 Α.
1037 1195 1133 1264 xiv,
1154 1193 1200 1250 15.
1225 1196 1272 1252 ie-

168 1300 226 1356 ctiu
248 1300 329 1356 codd.
360 1308 388 1357 et
415 1302 478 1358 edd.
508 1307 573 1357 vett.
603 1299 783 1356 abscesserat
812 1298 947 1368 originem
972 1298 1057 1354 traxit
1084 1314 1120 1354 ea
1152 1299 1272 1368 genuina

168 1402 303 1475 scriptura
318 1405 485 1461 adcesserunt
499 1422 522 1463 s.
552 1410 736 1472 occesserut5
760 1417 784 1457 c.
810 1398 858 1456 16.
881 1399 962 1456 codd.
977 1399 1028 1457 dia.
1051 1399 1081 1456 B.
1105 1397 1195 1472 (apr.
1217 1397 1269 1467 m.)

167 1505 198 1562 R.
221 1507 354 1578 praebent
374 1506 487 1564 ablutum
508 1523 560 1579 pro
583 1506 692 1577 uulgata
715 1506 831 1561 adlatos
852 1521 875 1559 s.
898 1504 1014 1559 aliatus.

269 1609 450 1681 Quanquam
476 1610 514 1665 ita
543 1610 614 1680 siut,
644 1625 699 1665 uon
730 1608 822 1663 dubito
845 1606 877 1662 it.
899 1607 943 1677 li,
973 1603 1022 1661 21.
1053 1605 1165 1662 lectioni
1187 1608 1269 1663 codd.

166 1713 296 1768 distorum
318 1720 346 1768 et
367 1714 430 1769 edd·
452 1718 518 1769 vett.
549 1729 609 1768 nos
632 1712 774 1784 parandis
804 1709 935 1783 operibus
965 1710 1116 1781 adsumpto
1138 1711 1270 1768 emenda·

168 1816 271 1870 tionem
292 1815 388 1870 iiureti
411 1814 560 1886 absumpto
586 1831 602 1869 a
624 1814 716 1885 Lipsio
740 1828 774 1867 ao
796 1813 914 1868 Pichena
935 1811 1008 1868 haud
1029 1812 1223 1884 improbatum,
1246 1831 1262 1869 a

168 1916 333 1986 Gronouiis,
362 1917 506 1987 Ernestio,
535 1916 681 1985 Brotcrio,
710 1914 859 1985 Bekkero,
886 1915 1009 1984 Rittero,
1037 1914 1205 1985 Kiessiirrgio
1236 1918 1264 1973 iu

168 2024 272 2073 textum
293 2025 431 2089 receptam
452 2019 602 2090 praeferre.
646 2018 714 2073 Nam
742 2034 779 2072 ex
801 2016 883 2073 codd.
904 2017 1039 2089 scriptura
1055 2018 1195 2074 sententia
1218 2036 1267 2075 es-

167 2127 211 2177 sct
231 2121 316 2177 haec:
339 2129 448 2177 nonum
470 2121 567 2177 diurno
595 2121 683 2176 labori
704 2121 887 2192 parandorum
909 2136 1022 2191 opernm
1043 2120 1123 2176 sunem
1145 2136 1200 2175 noa
1222 2129 1267 2177 at·

166 2222 277 2294 tuiisse,
299 2224 351 2279 sed
373 2240 453 2294 quum
473 2225 534 2281 dies
556 2224 721 2295 deiecisset,
750 2225 786 2280 ad
808 2239 893 2296 opera
915 2223 1082 2294 periioienda
1103 2230 1267 2296 assumptam

166 2341 238 2382 esse.
283 2324 323 2381 ct.
348 2326 404 2381 Cic.
427 2326 495 2399 Epp.
527 2327 563 2382 ad
584 2326 657 2382 Fam.
679 2326 747 2398 Vll,
770 2326 819 2382 25.
843 2327 972 2400 equidem
1000 2327 1180 2400 aliquantum
1202 2328 1267 2401 jum

165 2431 252 2485 etium
272 2431 366 2485 noctis
387 2446 543 2486 assumo.
587 2429 625 2484 At
647 2429 718 2484 uuila
741 2430 855 2486 omniuo
878 2430 980 2486 mentio
1003 2430 1032 2485 iit
1054 2431 1125 2503 apud
1138 2432 1265 2505 Tacitum,

164 2546 216 2601 per
238 2531 354 2587 eandem
376 2531 464 2601 diem,
489 2547 542 2601 quo
558 2531 697 2587 Vitelliani
719 2531 747 2585 in
769 2531 933 2587 Placentiam
954 2533 1081 2603 impetum
1103 2533 1200 2591 irustra
1221 2536 1267 2592 ie-

166 2632 287 2703 cissent,
310 2633 392 2688 etiam
422 2648 508 2704 opera
529 2640 622 2704 parata
645 2649 719 2690 csse.
763 2632 845 2690 lmuro
875 2634 899 2688 si
921 2650 954 2689 ea
976 2618 1075 2705 uerba,
1098 2652 1168 2707 qnae
1189 2637 1266 2694 initio

165 2733 262 2805 capitis
283 2734 427 2806 leguntur,
447 2737 589 2808 primus
610 2736 691 2792 dies
711 2737 920 2808 impetumuqis
940 2752 1027 2808 qnam
1044 2738 1175 2793 meroni
1202 2755 1261 2794 eu-

164 2838 271 2892 ercitus
284 2836 394 2893 artibus
416 2846 657 2909 transactus,
679 2839 849 2909 reputaveris
871 2839 1003 2909 simulque
1025 2845 1109 2894 totam
1131 2841 1267 2897 namatio-

164 2956 225 2994 nem
246 2939 406 3010 inoorrupto
425 2941 529 3011 judicio
558 2940 756 3014 perpenderis,
778 2941 889 2997 Tacitus
910 2941 958 2996 titi
985 2940 1119 2997 uidebitur
1140 2942 1195 3000 huc
1216 2943 1263 2998 di-

163 3041 256 3112 xisse,
278 3048 422 3113 postquam
445 3041 503 3099 dics
525 3059 575 3114 per
604 3043 836 3115 oppugnationem
859 3050 940 3114 atque
961 3043 1087 3117 impetum
1108 3051 1260 3103 transactas

163 3150 255 3214 esset,
283 3160 318 3200 ne
352 3151 462 3201 noctem
491 3145 598 3215 quidem
626 3147 705 3203 iincm
738 3146 826 3203 labori
854 3146 1033 3218 imposuisse,
1062 3149 1162 3220 quippe
1192 3165 1262 3221 quae

162 3246 292 3317 operibus
313 3246 440 3318 parandis
461 3247 593 3317 utrimque
620 3248 759 3319 absumpta
782 3255 864 3304 esset.
908 3250 1046 3306 Vitelliani
1068 3253 1155 3322 enim,
1178 3268 1258 3322 quum

161 3349 277 3404 interdiu
306 3350 392 3421 aperti
421 3349 575 3421 incautique
597 3367 688 3407 maros
710 3352 840 3423 aggressi
861 3368 895 3408 ac
916 3354 1018 3424 repulsi
1040 3360 1150 3424 esseut,
1173 3359 1257 3409 uoctn

163 3448 267 3505 demum
288 3452 409 3509 ueterani
431 3453 569 3508 exereitus
591 3453 692 3509 artibus
716 3455 891 3526 oppugnandi
920 3455 1079 3526 utebantur,
1104 3455 1259 3529 Othoniani,

163 3567 243 3621 quum
264 3553 407 3624 ingruente
428 3564 512 3613 nocte
533 3557 648 3628 impetus
678 3557 794 3612 hostium
816 3559 1050 3630 intermitteretur,
1072 3559 1155 3615 intuta
1177 3576 1259 3616 moe·

164 3654 236 3709 nium
263 3655 291 3710 in
318 3664 458 3727 posteram
486 3659 625 3714 firmabant
653 3659 733 3714 diem.
777 3659 903 3716 Ceterum
932 3661 1031 3717 eodem
1051 3663 1151 3719 mendo
1172 3662 1204 3719 H.
1226 3665 1262 3735 V,

163 3755 212 3812 18.
239 3755 294 3812 init.
324 3759 351 3813 ia
381 3760 443 3815 cod.
465 3760 496 3815 Β.
525 3768 553 3817 et
581 3760 625 3817 cd.
649 3760 718 3832 Spir.
742 3765 891 3836 assumptis
913 3759 990 3831 (siue
1012 3762 1180 3840 ademtis)
1202 3782 1253 3837 pro

161 3857 315 3933 absumptis
336 3861 463 3933 scriptum
486 3870 528 3918 est

263 3963 351 4018 Etiam
371 3963 467 4020 literae
494 3981 510 4020 c
539 3973 567 4020 et
595 3983 610 4022 e
640 3964 709 4023 iuter
737 3983 770 4024 se
802 3975 996 4024 commutantur
1023 3965 1074 4034 ὅ9)
1106 3987 1121 4025 a
1150 3968 1260 4045 librario

166 4093 217 4101 --—
223 4096 418 4105 -—-.--.-—-

179 4171 229 4238 tt)
246 4175 275 4226 id
293 4178 320 4228 irr
338 4178 398 4230 aliis
416 4193 523 4248 quoquc
541 4179 614 4232 iihris
632 4181 704 4234 distis
722 4190 750 4235 at
767 4182 846 4235 addis
862 4182 958 4237 iactum
977 4192 1031 4237 ast:
1058 4181 1119 4237 cod.
1142 4179 1171 4235 G.
1189 4185 1260 4236 cuim
