2934 4775
690 298 727 355 21

161 495 271 554 lormee
298 501 454 572 congruont
475 498 596 571 quemvis
617 511 720 570 magno
750 497 902 555 sententiae
929 497 1035 560 lemno.
1055 495 1190 568 Exempla
1209 511 1263 567 op-

157 601 328 669 potuiheee.
371 602 454 674 A.·l‚
479 604 505 659 7.
528 603 628 673 legitor
649 603 676 657 ia
690 603 724 657 ll.
748 608 856 674 quanta
879 597 942 672 qais
960 600 1186 657 inermia...
1208 615 1265 653 nea

159 704 268 759 iratior
282 705 439 777 primordio
467 717 519 778 pro
553 722 610 761 nea
643 706 783 761 tristiores
809 704 985 777 primordi03
1021 720 1046 759 c.
1076 701 1126 758 35.
1154 702 1265 757 nudam

158 808 291 862 aniverso
314 823 434 882 corpora
455 823 507 880 pro
533 825 560 863 n.
583 809 710 863 anioeroi
732 823 864 880 corpora
908 805 942 862 A.
971 804 1025 876 lli,
1048 804 1098 861 le.
1120 804 1265 861 molitam*-

158 921 261 964 merom
275 910 424 968 Galliarum
437 909 564 968 coloten
576 926 628 982 pto
640 908 844 965 nobilissimam
868 909 1026 966 Galliarum
1042 926 1065 964 s.
1087 908 1121 965 A
1143 908 1191 977 lV,
1215 906 1264 963 33.

156 1014 293 1068 noscendi
313 1015 390 1086 enipi
411 1022 520 1070 namra
541 1030 592 1084 pro
620 1013 769 1069 noscenda
795 1012 873 1084 otrlpi
893 1018 1011 1067 natura.
1056 1008 1086 1067 C.
1110 1008 1159 1065 35.
1181 1025 1264 1065 seam

158 1105 262 1185 coriam
279 1119 436 1188 posteritas
458 1116 613 1189 rependunt
633 1117 876 1186 necoeeruntpro
898 1131 920 1170 s.
944 1131 968 1170 c.
990 1132 1020 1187 p.
1042 1112 1190 1186 rependit:
1211 1129 1266 1170 nec

156 1215 296 1286 aeerant3
327 1234 353 1275 e.
383 1217 432 1274 37.
457 1235 511 1291 per
547 1234 644 1276 omnes
672 1220 851 1291 proeiaieias
879 1218 975 1290 empse
1002 1218 1149 1273 nominem
1178 1231 1264 1271 sacre

158 1317 338 1376 ambitiosam
375 1335 474 1394 prop.
503 1337 530 1378 o.
560 1339 590 1394 p.
617 1339 644 1379 e.
672 1337 700 1377 n.
729 1322 845 1377 sacrari
870 1329 931 1391 a.,··
949 1337 973 1376 e.
1003 1318 1053 1375 5o.
1081 1319 1166 1375 nurui
1193 1334 1265 1375 sose

157 1435 249 1476 meno
273 1423 391 1478 traoiriit
419 1435 469 1494 pro
503 1425 591 1480 norat
620 1440 675 1479 soa
709 1437 797 1480 mana
824 1421 949 1480 trariiw
1005 1421 1039 1477 A.
1060 1421 1115 1491 Vl,
1139 1418 1188 1494 et,
1210 1435 1266 1477 oo-

156 1522 212 1579 ‹lex
233 1524 315 1581 hobel
336 1526 456 1583 laerere
479 1528 573 1599 primo
597 1521 663 1582 lein
689 1533 876 1600 pavescerem,
906 1533 937 1581 et
961 1533 1108 1598 qnantum
1122 1526 1264 1596 introspi-

155 1633 247 1696 ceret,
271 1630 363 1699 napis
393 1645 430 1684 ac
453 1631 544 1700 napis
566 1629 691 1701 trepidos
713 1669 840 1687 .....
865 1635 1010 1714 postremo
1037 1629 1184 1685 aecana
1211 1633 1269 1685 eae..

151 1728 336 1800 provulgata
363 1727 485 1787 lectione
505 1730 532 1785 lt.
550 1733 660 1802 primo,
690 1733 765 1788 tloin·
775 1747 933 1804 pavescere
962 1739 991 1789 et
1012 1773 1019 1788 .
1042 1772 1049 1787 .
1073 1773 1080 1787 .
1105 1773 1113 1788 .
1136 1732 1264 1803 trepidas

155 1871 162 1885 .
186 1871 193 1887 .
216 1872 224 1885 .
245 1872 253 1887 .
271 1840 417 1903 postremo
445 1834 605 1903 ecclamat,
634 1835 680 1890 vel
700 1851 754 1905 pro
781 1833 841 1891 loc.
864 1833 996 1890 (leonorii
1023 1832 1214 1889 emendatione
1235 1833 1262 1888 ir.

152 1935 256 2004 primo,
278 1934 367 1988 dein
391 1951 606 2005 pavescens
622 1944 650 1990 et
665 1977 765 1993 .....
787 1937 960 2008 lrepisies
983 1943 1262 2008 ...postremo

156 2035 352 2090 eaciomat
379 2042 431 2092 eie.
475 2035 550 2094 lineo
571 2037 715 2094 Wolthero
739 2045 768 2094 et
783 2038 912 2094 Ernestio
934 2038 1049 2109 probato
1071 2037 1134 2092 asilii
1154 2053 1263 2109 qaoque

146 2137 264 2207 ialgeio
286 2137 407 2196 lectione
421 2139 509 2209 magis
531 2140 631 2211 placet.
682 2140 723 2196 Cf.
746 2141 838 2198 locum
851 2140 1010 2196 simillimum
1032 2140 1065 2196 A.
1086 2139 1128 2210 11,
1151 2138 1179 2195 3.
1200 2141 1262 2197 Ar—

153 2242 295 2297 tavasden
316 2257 412 2314 repom
425 2242 625 2300 Armeniorum
646 2247 740 2317 specie
756 2246 901 2301 amicitiae
923 2246 1068 2315 illectam,
1090 2244 1176 2299 dein
1197 2260 1261 2299 ea-

152 2345 249 2400 tenis
279 2352 488 2418 oneratam,
511 2354 704 2420 postremo
726 2348 996 2419 interfecerat.
1019 2373 1060 2387 ·-
1082 2346 1116 2404 A.
1134 2347 1188 2418 Vl,
1212 2346 1261 2403 36.

149 2452 213 2503 'tota
239 2449 314 2504 mole
348 2450 429 2520 repni
445 2450 546 2505 nltimi
575 2451 606 2506 iol
640 2466 692 2521 pro
722 2460 741 2506 t.
770 2464 807 2508 m.
835 2454 917 2523 repni
944 2454 1035 2509 eitam
1062 2453 1105 2508 iit.
1149 2451 1180 2507 0.
1211 2449 1260 2506 te.

151 2550 252 2620 legitur
277 2550 304 2605 iu
326 2551 360 2605 lt.
388 2558 416 2607 et
450 2553 579 2623 quotieas
609 2549 766 2608 concordes
787 2561 887 2624 aponi,
916 2561 1088 2627 spernuntur.
1126 2553 1259 2626 Parthos,

150 2650 199 2706 ali
221 2653 397 2723 dissensere,
415 2694 421 2708 .
442 2695 449 2708 .
472 2654 615 2709 .oalescit
628 2670 679 2724 pro
702 2663 730 2710 et
752 2674 778 2727 p.
793 2673 817 2711 c.
840 2664 939 2727 optent,
961 2660 1104 2730 spernitur
1118 2656 1259 2731 Parthos:

151 2750 201 2807 alt
223 2754 381 2809 dissensere
386 2794 516 2825 .....
538 2757 667 2812 valescit.
695 2757 729 2814 A.
751 2757 799 2827 xl,
822 2756 850 2812 3.
869 2759 985 2831 percosi
1006 2759 1127 2815 Asiatici
1148 2759 1259 2815 iorem

146 2850 294 2928 pollicem
316 2856 418 2928 officiis
431 2875 482 2929 pro
501 2862 648 2931 percursis
670 2860 713 2916 A·
726 2863 745 2915 i.
761 2846 790 2917 r.
802 2880 831 2934 p.
844 2862 964 2935 officiis3
988 2878 1012 2918 c.
1035 2859 1082 2917 15.
1097 2879 1182 2935 saepe
1198 2865 1257 2920 ao-

148 2958 237 3015 eersis
260 2962 303 3015 rei
320 2958 456 3032 publicae
479 2962 648 3034 temporibus
669 2963 771 3021 accitis
794 2980 845 3034 pso
868 2966 997 3035 accitos5
1020 2980 1045 3022 o.
1068 2963 1118 3023 37.
1140 2965 1256 3022 denam

146 3062 258 3132 tutone
281 3060 496 3121 centurionibus
510 3072 539 3120 et
561 3063 693 3135 tribano,
717 3068 766 3138 poi
787 3067 903 3138 aieret,
927 3069 1045 3139 exsequi
1067 3069 1184 3125 oaetiem
1204 3086 1256 3140 pro

60 3170 66 3183 ·
147 3166 199 3235 pai
221 3165 355 3220 merant,
398 3164 432 3219 A.
462 3165 527 3235 xli,
555 3162 605 3223 35.
636 3178 742 3224 cestrota
770 3172 876 3226 oirtote
902 3168 1085 3243 ecpopnolili
1107 3172 1256 3227 clamitare

149 3280 201 3336 pro
223 3284 248 3323 c.
270 3284 295 3324 o.
319 3266 524 3340 eapopoabilia
541 3269 708 3341 clamitare3
733 3289 758 3328 c.
774 3270 824 3329 36.
846 3273 1039 3329 incedentibus
1051 3273 1135 3344 replis
1158 3276 1254 3330 clica-

150 3370 217 3424 lalts
247 3370 343 3441 falere
371 3372 515 3445 lorqailrus
544 3390 595 3444 pro
624 3374 762 3446 phalerae
792 3385 980 3451 torquesqoe3
1003 3393 1027 3433 a.
1050 3374 1100 3431 45.
1122 3375 1177 3431 init.
1200 3395 1254 3451 qao

146 3470 256 3543 froude
278 3476 380 3546 confici
398 3478 561 3549 potueriat,
585 3486 719 3553 prompta
747 3483 862 3537 naaliel
884 3496 935 3552 pro
959 3497 1033 3553 qaae
1052 3480 1159 3551 fraude
1180 3487 1251 3551 eio.;

146 3587 171 3627 a.
195 3571 245 3629 [18.
262 3576 364 3646 pterea
386 3586 456 3637 -orta
475 3580 638 3638 oacrum:
676 3598 773 3638 omnes
791 3586 890 3641 scetes
919 3590 1069 3639 enterntrn
1094 3598 1146 3654 pro
1168 3601 1249 3641 omne

141 3675 240 3731 scalers
262 3683 418 3736 emmam.
463 3680 496 3737 A.
515 3681 586 3751 xlii,
609 3682 638 3738 8.
654 3682 751 3740 cerlis
773 3686 930 3758 mepnr'licio
951 3702 1003 3757 pto
1023 3684 1117 3742 cerlis
1133 3688 1249 3759 maeni-

225 4026 297 4078 leole
314 4030 435 4081 invenies
453 4030 480 4081 in
504 4030 596 4084 Kritzii
621 4030 747 4104 Prolegg.
774 4052 799 4103 p.
818 4036 870 4090 GV.
885 4065 915 4075 -
931 4037 1022 4101 cvii,
1048 4039 1149 4091 elicii
1170 4036 1246 4089 eodi-

225 4112 301 4164 oibuo
319 4115 389 4181 apud
406 4114 539 4169 Drakenb.
553 4119 586 4170 od
604 4119 662 4178 liv.
679 4121 728 4185 Vl,
747 4123 777 4186 3,
795 4121 837 4188 8.;
855 4123 898 4175 hic
917 4125 958 4175 vir
970 4124 1137 4177 doctissimus
1156 4121 1184 4172 id
1202 4122 1246 4172 vi-

223 4199 288 4250 tium
304 4202 420 4268 primur,
439 4204 510 4271 quod
528 4205 626 4265 eciem,
645 4210 758 4267 notovit·
