2934 4775
683 244 835 339 ..Q-c

276 495 280 502 .
311 440 355 498 Ex
376 432 429 513 sic,
453 441 527 513 quod
549 440 738 513 compendium
758 441 908 513 particulae
929 444 1004 500 siout
1030 438 1124 511 ΗΜ)
1144 445 1172 501 iu
1194 443 1309 504 (tassel-

206 549 271 605 lano
285 546 384 602 codice
398 551 540 602 comment.
558 546 633 601 Serv.
656 545 691 601 ad
701 545 779 615 virg.
802 543 871 600 Aen.
893 543 934 615 ll,
958 544 1027 602 310.
1050 548 1177 619 repperi,
1198 547 1265 605 llist.
1287 550 1308 622 l,

206 647 259 703 84.
281 653 350 704 extr.
373 653 432 704 orta
454 654 497 703 est
510 647 614 703 codicis
629 647 680 702 lla.
702 645 852 718 scriptura:
874 647 950 704 tnnc
972 690 978 704 .
1004 691 1010 705 .
1033 691 1039 704 .
1063 652 1119 706 sic
1140 667 1160 705 o
1180 651 1304 723 mojori-

207 749 259 807 dus
273 752 448 824 accepimns,
471 752 512 805 sic
530 751 653 822 posteris
668 751 817 806 tradamus
831 767 882 822 pro
900 751 1024 823 vulgata:
1046 751 1122 808 dunc
1144 795 1151 810 .
1174 796 1181 810 .
1205 794 1213 809 .
1234 755 1307 810 sic-

205 860 245 911 ot
266 870 294 911 o.
315 870 351 909 m.
374 869 418 924 (1.,
439 854 482 908 sie
499 870 529 924 p.
553 859 572 907 t.

306 955 366 1012 lam
387 955 422 1010 ad
445 954 606 1025 compendia
627 952 762 1009 nominum
784 954 957 1025 propriorum
979 961 1007 1012 et
1027 957 1254 1015 substantivorum
1276 967 1304 1018 et

210 1060 406 1131 adjectivorum
428 1056 600 1128 accedimns,
631 1072 667 1112 eu
690 1057 786 1127 quihus
807 1057 860 1111 liae
881 1057 940 1113 lere
961 1060 1174 1129 permutationes
1195 1062 1223 1117 in
1244 1064 1306 1119 lla-

204 1163 291 1219 diceis
312 1162 388 1218 libris
409 1167 488 1217 natae
510 1166 579 1215 sunt.
625 1158 787 1231 Quodquum
808 1174 973 1231 praenomen
988 1161 1080 1230 Quinti
1101 1163 1179 1219 litero
1194 1166 1226 1235 Q.
1247 1164 1330 1222 siva'

205 1283 230 1339 p.
254 1272 408 1336 nomreair,
431 1261 558 1319 facillime
581 1262 639 1319 lieri
660 1264 757 1334 potuit,
779 1268 808 1318 ut
830 1269 858 1318 et
879 1263 906 1319 iu
928 1263 987 1320 aliis
1010 1266 1151 1322 codicibus
1178 1262 1255 1333 ¹²⁴)
1277 1272 1306 1323 et

286 1520 385 1592 pendia
408 1509 465 1598 ide
487 1521 545 1574 sive
567 1508 669 1597 iffi„
690 1518 760 1589 quod
779 1519 907 1589 significat
923 1520 989 1571 idem
1012 1529 1057 1572 est.
1103 1520 1304 1589 Antiquissimas

288 1606 364 1659 verbi
388 1617 425 1658 est
447 1607 528 1675 siglas
552 1605 657 1688 videbis
680 1605 749 1688 apud
771 1605 918 1659 Benedictt.
940 1605 958 1658 Ι.
982 1603 1000 1660 l.
1026 1604 1078 1656 tab.
1097 1603 1138 1662 60.
1158 1614 1184 1656 et
1201 1622 1226 1672 p.
1244 1604 1306 1663 451.

286 1687 346 1744 542.
363 1690 422 1746 543.
457 1691 555 1759 Siglam
580 1692 654 1744 evel
674 1711 704 1742 .e.
722 1690 959 1759 frequentissimam
977 1692 1083 1757 repperi
1101 1690 1128 1740 lu
1147 1690 1233 1742 Servii
1252 1708 1301 1745 co-

261 1763 264 1770 *
289 1774 348 1827 dice
367 1774 521 1829 Cascellauo
547 1779 744 1845 antiquissimo,
769 1783 796 1828 at
820 1776 962 1828 attulerunt
987 1778 1014 1827 in
1037 1777 1182 1842 specimine
1201 1776 1302 1829 codicia

286 1860 395 1915 saeculo
414 1870 509 1915 octavo
528 1864 619 1929 scripti
637 1861 803 1913 Benedictini
828 1877 853 1927 p.
869 1858 929 1918 284.
948 1858 1006 1915 285.
1041 1861 1152 1928 Saepius
1171 1861 1303 1914 autemid

286 1948 469 2015 compendium
490 1964 628 2015 perperam
646 1947 816 2014 'interpretati
839 1946 939 2000 librarii
964 1945 1045 1998 verba
1063 1949 1219 2013 scriptorum
1238 1963 1302 2001 cor·

286 2040 423 2099 ruperunt.
464 2034 500 2086 lta
526 2033 636 2085 llartiul.
661 2031 686 2097 Ι,
710 2029 760 2097 20,
789 2031 814 2087 1.
831 2033 1027 2099 antiquissimus
1051 2039 1078 2083 et
1101 2031 1171 2084 idem
1190 2034 1301 2101 optimus

284 2118 370 2170 codex
386 2118 416 2170 ll.
433 2134 481 2185 pro
499 2118 608 2187 vulgato
626 2120 683 2185 quia
698 2122 777 2184 furor
797 2126 835 2171 ast
851 2117 933 2170 habet
948 2119 1005 2185 puis
1027 2117 1142 2183 sororem
1160 2114 1301 2184 Uenere).

284 2204 357 2258 llart.
376 2203 425 2268 ΙΙΙ,
445 2204 475 2267 l,
501 2201 524 2256 1.
543 2206 737 2272 antiquissimus
761 2204 829 2256 liber
847 2202 985 2256 Thuaneus
1009 2218 1056 2268 pro
1082 2203 1154 2271 vulg.
1173 2204 1299 2270 quidquid

256 2287 257 2292 ’
282 2290 311 2339 id
326 2298 364 2339 est
382 2288 488 2339 exhibet
497 2290 621 2355 quidquid
637 2290 712 2341 idern.
747 2287 775 2339 ln
793 2289 917 2340 Martialis
934 2288 1047 2355 epistola
1065 2287 1133 2341 libro
1150 2288 1202 2342 Xll.
1219 2300 1298 2353 prae·

283 2372 448 2426 missaticis.
467 2370 508 2427 10.
532 2371 575 2425 ed.
593 2371 763 2427 Schneidew.
781 2390 829 2441 pro
853 2373 961 2441 uulgata
983 2375 1111 2442 scriptura
1132 2375 1157 2427 ai
1178 2373 1240 2442 qaid
1262 2382 1298 2426 est

283 2459 351 2509 enim
367 2460 560 2527 antiquissimus
579 2457 665 2513 codex
681 2458 830 2511 Puteaneua
848 2460 959 2526 praebet
974 2461 998 2510 ai
1014 2461 1114 2527 quidem
1131 2460 1212 2523 enim,
1230 2459 1299 2513 Vot-

284 2546 372 2597 aiauns
392 2543 421 2598 C.
437 2547 461 2596 si
477 2547 540 2612 quid
556 2547 630 2597 enim.
667 2545 770 2614 Quippe
787 2547 814 2598 in
832 2545 975 2613 archetypo
995 2547 1051 2598 aius
1069 2542 1201 2607 familiae,
1220 2560 1298 2612 quam

284 2629 502 2683 Schneidewinus
521 2631 604 2683 literis
618 2629 673 2695 Cp.
692 2632 865 2699 significauit,
884 2647 916 2683 ea
933 2630 1014 2682 verba
1033 2630 1068 2681 ita
1086 2636 1159 2680 erant
1178 2637 1298 2681 exarata:

281 2717 306 2767 ai
321 2717 385 2783 quid
395 2712 409 2769 i
430 2717 505 2767 enim.
540 2716 562 2768 E
581 2717 713 2769 contrario
726 2715 789 2768 Tac.
808 2715 871 2783 Agr.
887 2713 930 2767 38.
950 2716 1009 2770 cod.
1021 2715 1078 2767 llat.
1095 2711 1173 2771 4498.
1192 2713 1297 2769 exhibet

204 2862 206 2865 .
283 2802 409 2855 arautem
427 2811 463 2854 est
478 2810 580 2870 portum
598 2804 677 2854 tenuit
694 2817 742 2869 pro
761 2799 834 2868 vulg.
854 2800 1027 2853 Trutulensem
1042 2818 1070 2868 p.
1087 2809 1105 2854 1.

215 2881 294 2951 1131)
313 2886 414 2951 Quodsi
430 2887 545 2941 lacobus
562 2888 614 2939 boc
638 2894 801 2954 reputasset,
819 2893 965 2952 corruptam
984 2885 1045 2939 ood.
1062 2884 1177 2939 Medioei
1194 2884 1288 2936 lectio-

281 2988 341 3023 nem
363 2988 417 3024 non
439 2973 576 3039 probasset
602 2975 629 3023 in
649 2971 724 3025 Ohss.
748 2973 775 3023 in
804 2969 864 3024 Tac.
888 2971 953 3023 illst.
981 2973 1049 3022 critt.
1068 2970 1136 3023 Part.
1161 2969 1180 3023 l.
1204 2985 1229 3037 p.
1249 2964 1291 3021 19.

167 3062 174 3072 '
281 3055 406 3111 Similiter
431 3058 593 3124 praepositio
621 3066 685 3125 aput
707 3059 765 3109 sive
783 3057 854 3124 opud
875 3056 943 3124 sigla
967 3037 1009 3125 op·
1023 3063 1127 3107 notatur
1153 3057 1181 3106 in
1199 3053 1294 3107 codice

283 3141 340 3194 Gaii
356 3145 485 3208 rescripto
505 3150 531 3194 et
549 3145 574 3195 in
586 3142 677 3211 snagin.
697 3140 729 3216 de
748 3143 805 3192 iura
823 3142 877 3193 fisci
897 3140 946 3204 (oi.
962 3140 1098 3192 Gneschen
1119 3140 1137 3191 l.
1156 3139 1173 3191 l.
1192 3156 1217 3208 p.
1234 3134 1295 3190 421·

281 3225 372 3292 506.);
390 3241 500 3294 eamque
518 3230 622 3294 repperi
641 3230 667 3279 in
686 3228 930 3281 summatioschclii
949 3227 1058 3278 adden.
1077 3225 1103 3291 1,
1121 3224 1164 3279 30.
1181 3225 1294 3291 margini

286 3311 433 3365 Camellani
468 3311 568 3364 codicis
592 3313 679 3367 Servii
702 3313 832 3378 ascripto,
866 3311 910 3365 ubi
939 3312 1006 3365 hacc
1033 3313 1169 3383 leguntur:
1198 3311 1294 3361 Statua

279 3397 387 3451 Achillia
404 3398 475 3467 apud
490 3399 600 3464 sepiam.

215 3478 278 3548 114)
297 3483 366 3536 Vell.
384 3484 422 3548 ΙΙ,
447 3482 478 3549 9,
503 3483 529 3538 2.
553 3484 580 3534 in
602 3483 754 3551 apographo
772 3482 880 3537 Amerb.
904 3501 989 3551 namq.
1012 3473 1130 3546 Mucios,
1148 3482 1175 3533 in
1193 3480 1236 3538 ad.
1253 3496 1293 3548 pr.

280 3585 389 3637 nomque
407 3569 510 3622 Mucius
532 3585 579 3639 pro
603 3585 664 3619 nam
689 3571 718 3633 Q.
738 3568 854 3634 Mucium
873 3586 898 3624 c.
923 3570 969 3633 11,
990 3564 1011 3620 1.
1030 3569 1057 3619 in
1076 3583 1169 3636 apogr.
1186 3565 1291 3618 Amerb.

276 3671 349 3722 perp.
360 3655 498 3721 Metellum,
511 3656 537 3705 in
557 3654 597 3706 ed.
609 3670 647 3721 pr.
663 3672 762 3723 perque
776 3653 903 3706 Metellum
916 3670 1022 3722 proper
1035 3655 1065 3718 Q.
1077 3652 1208 3705 Metellum
1224 3652 1291 3705 scri-

268 3746 350 3809 ptum
367 3749 416 3798 ast.
428 3740 491 3793 ltem
501 3739 687 3795 Amerbaohius
695 3756 718 3793 o.
726 3739 773 3805 15,
792 3739 816 3794 3.
829 3741 934 3807 scripsit
949 3749 1076 3809 praetura
1085 3741 1217 3805 functusp.
1228 3734 1285 3787 tte-

278 3826 352 3881 111101
368 3841 455 3899 prop.
472 3829 593 3893 functus,
618 3828 648 3890 Q.
666 3824 796 3893 Metellum
823 3842 847 3880 c.
861 3823 907 3890 16,
925 3824 951 3882 3.
970 3844 1018 3894 pue
1036 3825 1188 3875 Hortensius
1198 3837 1245 3890 pro
1260 3822 1291 3884 Q.

278 3911 428 3969 Hortensius
434 3929 442 3979 3
462 3929 486 3970 e.
505 3908 552 3977 18,
569 3912 596 3969 6.
614 3916 716 3979 etiump.
734 3911 838 3983 Pompei
861 3928 909 3979 pro
928 3912 1001 3981 vulg.
1019 3914 1098 3962 etiams
1114 3911 1143 3974 Q.
1163 3909 1290 3975 Pompeit'3

278 4014 303 4057 c.
320 3995 372 4065 65,
389 3990 416 4054 2.
432 3998 552 4069 callepap.
572 3998 650 4053 Pedio
668 4014 721 4073 pro,
734 3997 807 4067 vulg,
825 3998 922 4068 collcpa
941 3999 970 4062 Q.
990 3994 1079 4048 Pedio.
1114 3994 1135 4047 E
1154 3993 1286 4045 contrario

280 4085 350 4144 Vell.
366 4085 398 4153 ΙΙ,
416 4084 459 4149 l'l,
476 4079 503 4141 3.
521 4084 606 4141 codex
618 4083 795 4137 llurlracensis
812 4082 923 4139 testibus
940 4083 1050 4134 Burerio
1070 4089 1096 4134 et
1113 4075 1287 4131 Amenbachio

279 4169 395 4224 exhibuit
410 4172 524 4224 Serenum
548 4173 577 4235 Q.
594 4171 764 4224 Saturninum
785 4186 833 4237 pro
850 4171 1013 4238 Sentiumque
1033 4165 1224 4222 sauronam..
1246 4161 1286 4212 lta
