2934 4775
744 258 783 315 10

686 338 841 351 m

213 460 353 518 exbiberi:
376 459 438 533 Epo
466 460 621 517 Sallustius
643 460 700 531 ispi
727 467 758 515 el
779 456 928 514 omousi
950 454 1058 511 soum
1078 451 1153 525 {ella
1175 447 1267 507 olibis
1290 460 1321 508 es

215 563 340 621 Psnbiuo
368 563 401 620 V.
423 563 454 620 0.
471 563 555 620 Coos.
574 565 605 618 in
625 562 691 632 loro
706 561 809 617 Alorlls
831 559 1043 616 oonlrooem‘os
1055 558 1222 613 leolam
1243 569 1319 610 ora-

214 670 270 724 lori
297 666 481 725 Eodeleclsio.
530 666 641 721 noma
668 663 916 735 Gonsmotismpoli
951 662 1106 732 recopoooi
1126 660 1264 716 Gnaeos
1290 668 1321 715 es

213 771 310 829 Altino
338 771 435 827 Couss.
483 767 526 823 En
555 766 600 823 illa
626 765 813 839 *subnripiim
837 777 915 838 quun
936 765 1055 821 Picbena
1077 779 1114 819 ex
1136 762 1236 819 codice
1257 763 1318 819 lie·

213 873 294 930 dioec
317 874 410 929 allnlit.
453 871 540 927 Plana
560 870 675 927 eundern
696 869 925 942 subscriptionem
953 869 981 924 in
1003 868 1056 923 flue
1077 866 1138 922 libri
1160 866 1205 922 lx.
1227 866 1318 923 lieta-

212 976 428 1047 iamcrpboseon
457 973 634 1046 Appuleji
669 973 697 1030 iu
724 975 789 1031 eod.
817 974 889 1030 iislc
919 972 1046 1028 biedioeo
1072 970 1231 1042 scoparum
1258 970 1318 1041 legi

212 1084 399 1134 contestentur
427 1083 557 1134 unctores
586 1077 679 1149 operis
708 1077 875 1149 diplomaticl
906 1087 987 1147 supra
1016 1074 1127 1144 collati,
1156 1075 1201 1144 qui
1222 1074 1316 1130 iberas

211 1180 317 1238 codicis
340 1180 375 1236 ad
395 1180 564 1252 'scrlpbrrans
592 1181 746 1253 apographi
774 1197 791 1237 a
821 1179 957 1235 cardinali
985 1178 1138 1234 Passioueo
1165 1175 1315 1233 benammi

211 1300 289 1355 quarn
302 1283 504 1340 accuratissime
524 1283 710 1340 assimilandas
733 1290 762 1339 ei
780 1281 972 1355 exprimendas
992 1288 1156 1338 caravemni
1168 1281 1244 1336 Turn.
1266 1277 1313 1335 ill.

209 1387 262 1443 lab.
286 1386 336 1444 49.
359 1387 424 1444 coll.
446 1405 472 1460 p.
497 1387 567 1444 279.
611 1385 714 1444 Eodem
737 1386 901 1458 subscriptio
924 1385 994 1442 calci
1015 1385 1077 1442 libri
1097 1384 1142 1441 lii.
1163 1385 1314 1440 bleranor-

209 1491 336 1563 phoseon
359 1491 449 1547 addila
470 1491 572 1562 legitur
594 1497 623 1546 et
644 1490 671 1546 in
694 1489 795 1546 codice
815 1490 888 1546 lisbo
909 1487 957 1544 il'·
980 1487 1064 1561 plutei
1086 1476 1201 1543 xxix*
1244 1485 1314 1543 bibi

192 1589 278 1651 'bien
300 1595 378 1651 baur.
400 1600 471 1651 leole
485 1592 608 1649 Banlino
631 1594 709 1650 'lom
729 1593 764 1651 il.
785 1609 814 1665 p.
837 1591 867 1649 l.
889 1600 918 1649 ei
938 1593 965 1648 in
987 1591 1087 1648 codiee
1101 1588 1229 1662 Appuleji
1250 1589 1311 1645 Va·

209 1698 300 1754 bienno
330 1704 401 1753 leste
429 1696 574 1753 sirmondo
605 1697 640 1752 ad
669 1695 764 1752 Sidon.
792 1696 861 1767 Epp.
891 1697 945 1766 lv,
973 1694 1002 1750 8.
1032 1696 1110 1750 Toni.
1140 1694 1160 1748 Ι.
1183 1709 1212 1766 p.
1236 1690 1310 1755 elo,

211 1816 291 1871 quem
313 1799 384 1856 idem
406 1800 543 1856 Bandinur
572 1800 601 1857 b.
631 1799 650 1857 1.
673 1799 768 1870 aileri3
797 1799 870 1854 nude
898 1798 1017 1869 colligas
1038 1799 1091 1854 hos
1118 1805 1174 1852 ires
1197 1797 1313 1855 coemes

208 1903 294 1959 lisboa
317 1919 353 1960 ex
375 1905 527 1975 archetypo
561 1901 729 1959 asalbsaiio
752 1902 897 1958 emendabo
925 1918 977 1957 nna
1000 1901 1120 1958 innisae.
1162 1900 1221 1956 lam
1242 1917 1312 1960 vero

208 2022 291 2078 super
312 2006 408 2062 laisum
428 2007 508 2062 islam
537 2006 573 2061 de
602 2005 721 2062 Salinsifi
749 1999 932 2060 emendaioria
960 2021 1045 2077 opera
1072 2005 1099 2059 in
1129 2004 1217 2060 'lucili
1237 2004 1313 2061 libris

208 2108 344 2166 collocato
367 2109 542 2181 opinionem,
565 2119 635 2178 qnae
656 2109 727 2164 inber
747 2107 922 2164 doctissimos
950 2107 1025 2164 viros
1052 2108 1142 2163 adbuc
1164 2108 1312 2164 communis

207 2212 270 2282 liat,
292 2227 366 2267 novo
382 2218 463 2282 alque
477 2211 545 2266 miro
558 2223 655 2266 errore
679 2216 774 2282 capior
786 2218 829 2266 esi
849 2227 877 2268 v.
896 2210 931 2267 cl.
946 2211 1189 2282 Schneidewinns,
1212 2212 1312 2284 quippe

210 2314 254 2385 qui
276 2313 303 2368 in
325 2313 458 2384 Prolegg.
481 2311 524 2368 ed.
548 2313 659 2369 biariiul.
681 2329 710 2385 p.
732 2313 800 2369 cxl.
823 2313 909 2384 dicas,
933 2313 1007 2384 qnod
1028 2312 1119 2370 codex
1141 2311 1312 2372 limentinus

209 2417 343 2487 Taciti,
367 2417 412 2487 qni
432 2416 574 2472 Annalium
596 2417 715 2473 libros
737 2433 800 2474 sex
822 2420 964 2490 priores
985 2418 1062 2475 solus
1083 2419 1180 2489 babel,
1202 2435 1218 2474 a
1239 2420 1311 2477 ciliis

207 2519 378 2592 gravioribus
401 2519 467 2576 sniis
493 2519 616 2575 immunis
644 2521 696 2593 sit,
719 2522 834 2592 gratim
855 2522 1004 2577 babendum
1034 2537 1098 2577 esse
1128 2522 1309 2579 Sallustio

209 2623 314 2678 cuidam
349 2637 413 2694 squp
461 2623 528 2678 Tum
557 2640 590 2679 ea
619 2623 720 2694 referi,
752 2642 821 2696 quae
842 2624 978 2693 Piebenu‚
1008 2624 1162 2696 Bounimon,
1184 2633 1311 2683 auctores

208 2727 300 2797 operia
323 2724 489 2797 diplomatici
511 2742 593 2797 supra
615 2726 708 2782 collati
730 2727 757 2781 in
780 2728 879 2783 codice
899 2728 1025 2785 Medione
1048 2729 1252 2799 langobardicis
1274 2729 1311 2784 li·

208 2830 274 2885 ieris
290 2836 423 2899 exarato,
445 2829 472 2884 in
486 2845 541 2899 qno
563 2835 672 2899 praeter
687 2829 830 2900 Apulejum
852 2832 932 2885 eliam
946 2831 1087 2886 Annalium
1110 2833 1197 2888 'lucili
1211 2838 1312 2904 posle·

205 2930 293 2987 riores
315 2939 344 2988 el
370 2931 547 2988 ilistoriarum
577 2932 637 2987 iibri
660 2932 778 3002 quinque
799 2933 905 3004 insunt,
935 2934 980 2989 lini
1001 2933 1063 2990 libri
1085 2935 1130 2991 lx.
1158 2937 1309 2991 Mammon-

208 3033 334 3106 pboseon
357 3034 529 3106 Appuleji
551 3035 686 3107 adscripta
702 3051 767 3094 ease
788 3042 937 3108 leniantur3
960 3055 993 3094 ea
1011 3039 1094 3110 igilur
1109 3039 1211 3111 referi,
1234 3036 1310 3111 qnasi

210 3136 238 3192 in
260 3136 383 3192 allero
406 3136 506 3193 codice
527 3137 713 3210 Mediceo‚
737 3139 801 3195 olim
824 3141 1003 3213 (lorbeJensi‚
1025 3143 1069 3213 qui
1082 3142 1224 3198 Annalium
1246 3156 1311 3199 aex

204 3240 347 3312 priorel
370 3239 490 3296 libros
512 3240 619 3297 solos
641 3241 717 3297 solua
746 3243 845 3315 babel,
872 3246 1049 3316 legerentur,
1072 3258 1229 3316 quamquam
1250 3245 1311 3313 ipsa

210 3344 326 3399 eundem
354 3343 428 3398 iilum
449 3342 599 3400 bandinum
628 3350 725 3401 lealem
755 3353 783 3402 el
812 3354 953 3403 auctorem
974 3348 1113 3418 opinionis
1135 3360 1201 3401 suae
1225 3345 1310 3402 uberi.

204 3446 230 3502 is
258 3463 326 3502 vero
355 3445 383 3501 in
411 3446 594 3503 describendo
625 3447 723 3504 codice
753 3450 896 3521 biediceo,
928 3449 971 3520 qni
1000 3466 1052 3505 sex
1088 3448 1195 3519 priores
1224 3447 1312 3504 Taciti

204 3548 290 3607 libros
311 3549 410 3621 hobel,
435 3549 533 3621 quique
556 3550 656 3621 eodem
676 3551 702 3605 in
724 3549 818 3622 plnieo
835 3551 1115 3617 Bibliotbeoeebled.
1138 3552 1232 3626 Leuc,
1257 3567 1311 3623 qno

204 3652 272 3711 aller
294 3653 434 3711 licdiceua
455 3653 670 3723 longobardicis
692 3654 778 3709 liberis
800 3655 918 3724 scriptus
941 3661 1084 3725 cavatur,
1107 3657 1217 3715 omisso
1241 3653 1311 3713 nibil

207 3755 241 3812 le
269 3756 470 3828 subscripsione
498 3756 588 3827 abque
615 3756 735 3813 narravit
758 3752 800 3818 ὅ).
849 3756 942 3827 ltaque
969 3765 1177 3831 praeposteram
1204 3773 1311 3828 eornm,
1346 3748 1350 3753 ”

961 3934 966 3972 p
974 3952 976 3963 ,

236 4087 268 4154 5)
288 4087 328 4147 Gi.
347 4088 467 4154 ejusdem
490 4086 611 4159 catalog.
634 4087 719 4144 cndu.
737 4090 794 4148 Lat.
818 4092 887 4146 Bibl.
905 4092 974 4150 iisd.
991 4092 1069 4152 Laus.
1096 4093 1120 4146 li
1138 4092 1199 4147 Vel.
1218 4108 1246 4160 p.
1262 4088 1311 4146 831

285 4200 317 4210 -
335 4173 397 4229 834.
434 4172 526 4228 Codex
546 4184 586 4228 est
603 4178 701 4247 primus
718 4178 804 4245 plutei
823 4179 963 4233 nxvsslwi·
1017 4208 1019 4215 ·
