<?xml version="1.0" encoding="UTF-8"?>
<!DOCTYPE html PUBLIC "-//W3C//DTD XHTML 1.0 Transitional//EN"
    "http://www.w3.org/TR/xhtml1/DTD/xhtml1-transitional.dtd">
<html xmlns="http://www.w3.org/1999/xhtml" xml:lang="en" lang="en">
 <head>
  <title>
</title>
<meta http-equiv="Content-Type" content="text/html;charset=utf-8" />
  <meta name='ocr-system' content='tesseract 3.04.00' />
  <meta name='ocr-capabilities' content='ocr_page ocr_carea ocr_par ocr_line ocrx_word'/>
</head>
<body>
  <div class='ocr_page' id='page_1' title='image "./studiacriticain01heragoog_0053.png"; bbox 0 0 2934 4775; ppageno 0'>
   <div class='ocr_carea' id='block_1_1' title="bbox 637 282 790 377">
    <p class='ocr_par' dir='ltr' id='par_1_1' title="bbox 637 282 790 377">
     <span class='ocr_line' id='line_1_1' title="bbox 637 282 790 377; baseline 0 -37"><span class='ocrx_word' id='word_1_1' title='bbox 637 282 790 377; x_wconf 46' lang='grc' dir='ltr'><strong><em>Α.</em></strong></span> 
     </span>
    </p>
   </div>
   <div class='ocr_carea' id='block_1_2' title="bbox 159 480 1263 968">
    <p class='ocr_par' dir='ltr' id='par_1_2' title="bbox 159 480 1263 968">
     <span class='ocr_line' id='line_1_2' title="bbox 164 480 1263 557; baseline -0.003 -17"><span class='ocrx_word' id='word_1_2' title='bbox 164 485 196 541; x_wconf 82' lang='grc'><strong>6.</strong></span> <span class='ocrx_word' id='word_1_3' title='bbox 220 484 268 541; x_wconf 80' lang='lat'><strong><em>22.</em></strong></span> <span class='ocrx_word' id='word_1_4' title='bbox 291 484 423 557; x_wconf 84' lang='lat' dir='ltr'><strong><em>scriptura</em></strong></span> <span class='ocrx_word' id='word_1_5' title='bbox 453 482 559 541; x_wconf 85' lang='lat' dir='ltr'><strong><em>codicis</em></strong></span> <span class='ocrx_word' id='word_1_6' title='bbox 580 485 632 541; x_wconf 73' lang='lat' dir='ltr'><strong><em>na.</em></strong></span> <span class='ocrx_word' id='word_1_7' title='bbox 654 485 805 540; x_wconf 78' lang='lat' dir='ltr'><strong><em>admoristi</em></strong></span> <span class='ocrx_word' id='word_1_8' title='bbox 834 487 900 538; x_wconf 80' lang='lat' dir='ltr'><strong><em>orte</em></strong></span> <span class='ocrx_word' id='word_1_9' title='bbox 916 498 953 538; x_wconf 76' lang='lat' dir='ltr'><strong><em>ex</em></strong></span> <span class='ocrx_word' id='word_1_10' title='bbox 975 480 1116 553; x_wconf 69' lang='lat' dir='ltr'><strong><em>archetypi</em></strong></span> <span class='ocrx_word' id='word_1_11' title='bbox 1143 480 1263 540; x_wconf 81' lang='lat' dir='ltr'><strong><em>lectione</em></strong></span> 
     </span>
     <span class='ocr_line' id='line_1_3' title="bbox 159 583 1263 659; baseline -0.003 -16"><span class='ocrx_word' id='word_1_12' title='bbox 159 590 319 645; x_wconf 77' lang='lat' dir='ltr'><strong><em>emmonisti</em></strong></span> <span class='ocrx_word' id='word_1_13' title='bbox 339 587 517 659; x_wconf 79' lang='lat' dir='ltr'><strong><em>provulgata</em></strong></span> <span class='ocrx_word' id='word_1_14' title='bbox 540 588 677 646; x_wconf 71' lang='lat' dir='ltr'><strong><em>amoliti</em></strong></span> <span class='ocrx_word' id='word_1_15' title='bbox 720 586 753 642; x_wconf 79' lang='grc'><strong>6.</strong></span> <span class='ocrx_word' id='word_1_16' title='bbox 777 586 827 642; x_wconf 82' lang='grc'><strong>26.</strong></span> <span class='ocrx_word' id='word_1_17' title='bbox 849 591 919 642; x_wconf 79' lang='lat' dir='ltr'><strong><em>extr.</em></strong></span> <span class='ocrx_word' id='word_1_18' title='bbox 941 587 1010 642; x_wconf 80' lang='lat' dir='ltr'><strong><em>siire</em></strong></span> <span class='ocrx_word' id='word_1_19' title='bbox 1024 600 1076 657; x_wconf 79' lang='lat' dir='ltr'><strong><em>pro</em></strong></span> <span class='ocrx_word' id='word_1_20' title='bbox 1096 586 1151 644; x_wconf 77' lang='lat' dir='ltr'><strong><em>siro</em></strong></span> <span class='ocrx_word' id='word_1_21' title='bbox 1194 583 1263 654; x_wconf 77' lang='lat' dir='ltr'><strong><em>itt,</em></strong></span> 
     </span>
     <span class='ocr_line' id='line_1_4' title="bbox 162 684 1263 763; baseline -0.001 -18"><span class='ocrx_word' id='word_1_22' title='bbox 162 691 189 747; x_wconf 84' lang='lat'><strong><em>5.</em></strong></span> <span class='ocrx_word' id='word_1_23' title='bbox 213 691 275 748; x_wconf 93' lang='lat' dir='ltr'><strong><em>cod.</em></strong></span> <span class='ocrx_word' id='word_1_24' title='bbox 298 689 349 747; x_wconf 79' lang='lat' dir='ltr'><strong><em>ila.</em></strong></span> <span class='ocrx_word' id='word_1_25' title='bbox 372 704 423 762; x_wconf 93' lang='lat' dir='ltr'><strong><em>pro</em></strong></span> <span class='ocrx_word' id='word_1_26' title='bbox 454 688 578 762; x_wconf 77' lang='lat' dir='ltr'><strong><em>angebat</em></strong></span> <span class='ocrx_word' id='word_1_27' title='bbox 599 691 780 763; x_wconf 83' lang='lat' dir='ltr'><strong><em>aspernantis</em></strong></span> <span class='ocrx_word' id='word_1_28' title='bbox 810 687 923 744; x_wconf 84' lang='lat' dir='ltr'><strong><em>exhibet</em></strong></span> <span class='ocrx_word' id='word_1_29' title='bbox 948 686 1072 760; x_wconf 79' lang='lat' dir='ltr'><strong><em>angebat</em></strong></span> <span class='ocrx_word' id='word_1_30' title='bbox 1101 705 1121 743; x_wconf 86' lang='lat' dir='ltr'><strong><em>o</em></strong></span> <span class='ocrx_word' id='word_1_31' title='bbox 1142 684 1188 753; x_wconf 85' lang='lat' dir='ltr'><strong><em>(in</em></strong></span> <span class='ocrx_word' id='word_1_32' title='bbox 1209 687 1263 744; x_wconf 84' lang='lat' dir='ltr'><strong><em>{ine</em></strong></span> 
     </span>
     <span class='ocr_line' id='line_1_5' title="bbox 159 785 1262 867; baseline -0.003 -16"><span class='ocrx_word' id='word_1_33' title='bbox 159 790 272 857; x_wconf 72' lang='lat' dir='ltr'><strong><em>versos)</em></strong></span> <span class='ocrx_word' id='word_1_34' title='bbox 293 796 473 867; x_wconf 83' lang='lat' dir='ltr'><strong><em>aspernantis</em></strong></span> <span class='ocrx_word' id='word_1_35' title='bbox 496 790 543 857; x_wconf 83' lang='lat' dir='ltr'><strong><em>(ab</em></strong></span> <span class='ocrx_word' id='word_1_36' title='bbox 569 792 646 849; x_wconf 88' lang='lat' dir='ltr'><strong><em>initio</em></strong></span> <span class='ocrx_word' id='word_1_37' title='bbox 669 792 807 864; x_wconf 74' lang='lat' dir='ltr'><strong><em>monentis</em></strong></span> <span class='ocrx_word' id='word_1_38' title='bbox 828 785 952 854; x_wconf 57' lang='lat' dir='ltr'><strong><em>versus}</em></strong></span> <span class='ocrx_word' id='word_1_39' title='bbox 996 791 1026 847; x_wconf 80' lang='grc'><strong>6.</strong></span> <span class='ocrx_word' id='word_1_40' title='bbox 1048 790 1099 848; x_wconf 79' lang='lat' dir='ltr'><strong><em>at.</em></strong></span> <span class='ocrx_word' id='word_1_41' title='bbox 1123 798 1193 848; x_wconf 71' lang='lat' dir='ltr'><strong><em>enn-</em></strong></span> <span class='ocrx_word' id='word_1_42' title='bbox 1215 786 1262 848; x_wconf 69' lang='lat' dir='ltr'><strong><em>le·⁴</em></strong></span> 
     </span>
     <span class='ocr_line' id='line_1_6' title="bbox 159 873 1259 968; baseline -0.004 -16"><span class='ocrx_word' id='word_1_43' title='bbox 159 897 215 952; x_wconf 91' lang='lat' dir='ltr'><strong><em>etio</em></strong></span> <span class='ocrx_word' id='word_1_44' title='bbox 243 897 306 953; x_wconf 90' lang='lat' dir='ltr'><strong><em>eod.</em></strong></span> <span class='ocrx_word' id='word_1_45' title='bbox 334 897 384 953; x_wconf 86' lang='lat' dir='ltr'><strong><em>Ma.</em></strong></span> <span class='ocrx_word' id='word_1_46' title='bbox 415 896 459 952; x_wconf 90' lang='lat' dir='ltr'><strong><em>ed.</em></strong></span> <span class='ocrx_word' id='word_1_47' title='bbox 487 873 559 968; x_wconf 74' lang='lat' dir='ltr'><strong><em>Spin</em></strong></span> <span class='ocrx_word' id='word_1_48' title='bbox 594 897 685 952; x_wconf 80' lang='lat' dir='ltr'><strong><em>multe</em></strong></span> <span class='ocrx_word' id='word_1_49' title='bbox 715 893 936 950; x_wconf 79' lang='lat' dir='ltr'><strong><em>arbitrabantur</em></strong></span> <span class='ocrx_word' id='word_1_50' title='bbox 963 900 1023 949; x_wconf 85' lang='lat' dir='ltr'><strong><em>orta</em></strong></span> <span class='ocrx_word' id='word_1_51' title='bbox 1046 911 1097 950; x_wconf 39' lang='lat' dir='ltr'><strong><em>&#39;ex</em></strong></span> <span class='ocrx_word' id='word_1_52' title='bbox 1127 894 1259 964; x_wconf 87' lang='lat' dir='ltr'><strong><em>scriptura</em></strong></span> 
     </span>
    </p>
   </div>
   <div class='ocr_carea' id='block_1_3' title="bbox 158 996 1262 1070">
    <p class='ocr_par' dir='ltr' id='par_1_3' title="bbox 158 996 1262 1070">
     <span class='ocr_line' id='line_1_7' title="bbox 158 996 1262 1070; baseline -0.003 -16"><span class='ocrx_word' id='word_1_53' title='bbox 158 1001 256 1056; x_wconf 81' lang='lat' dir='ltr'><strong><em>multia</em></strong></span> <span class='ocrx_word' id='word_1_54' title='bbox 267 997 481 1055; x_wconf 60' lang='lat' dir='ltr'><strong><em>animabantur</em></strong></span> <span class='ocrx_word' id='word_1_55' title='bbox 500 1014 553 1070; x_wconf 92' lang='lat' dir='ltr'><strong><em>pro</em></strong></span> <span class='ocrx_word' id='word_1_56' title='bbox 568 999 650 1056; x_wconf 82' lang='lat' dir='ltr'><strong><em>multi</em></strong></span> <span class='ocrx_word' id='word_1_57' title='bbox 671 996 895 1054; x_wconf 68' lang='lat' dir='ltr'><strong><em>arbitrabantur.</em></strong></span> <span class='ocrx_word' id='word_1_58' title='bbox 939 996 971 1053; x_wconf 80' lang='lat'><strong><em>0.</em></strong></span> <span class='ocrx_word' id='word_1_59' title='bbox 995 996 1043 1052; x_wconf 80' lang='lat'><strong><em>79.</em></strong></span> <span class='ocrx_word' id='word_1_60' title='bbox 1065 996 1122 1052; x_wconf 82' lang='lat' dir='ltr'><strong><em>init.</em></strong></span> <span class='ocrx_word' id='word_1_61' title='bbox 1145 996 1262 1052; x_wconf 66' lang='lat' dir='ltr'><strong><em>Rhoso-</em></strong></span> 
     </span>
    </p>
   </div>
   <div class='ocr_carea' id='block_1_4' title="bbox 150 1097 1264 4260">
    <p class='ocr_par' dir='ltr' id='par_1_4' title="bbox 155 1097 1264 2510">
     <span class='ocr_line' id='line_1_8' title="bbox 157 1097 1262 1175; baseline -0.005 -16"><span class='ocrx_word' id='word_1_62' title='bbox 157 1103 235 1159; x_wconf 85' lang='lat' dir='ltr'><strong><em>lonis</em></strong></span> <span class='ocrx_word' id='word_1_63' title='bbox 257 1104 421 1159; x_wconf 83' lang='lat' dir='ltr'><strong><em>Sarmatico</em></strong></span> <span class='ocrx_word' id='word_1_64' title='bbox 442 1120 511 1175; x_wconf 79' lang='lat' dir='ltr'><strong><em>pens</em></strong></span> <span class='ocrx_word' id='word_1_65' title='bbox 537 1118 589 1173; x_wconf 88' lang='lat' dir='ltr'><strong><em>pro</em></strong></span> <span class='ocrx_word' id='word_1_66' title='bbox 612 1102 769 1157; x_wconf 77' lang='lat' dir='ltr'><strong><em>illosolcni</em></strong></span> <span class='ocrx_word' id='word_1_67' title='bbox 791 1102 954 1156; x_wconf 79' lang='lat' dir='ltr'><strong><em>Sarmatica</em></strong></span> <span class='ocrx_word' id='word_1_68' title='bbox 974 1117 1051 1171; x_wconf 78' lang='lat' dir='ltr'><strong><em>pens.</em></strong></span> <span class='ocrx_word' id='word_1_69' title='bbox 1101 1098 1133 1154; x_wconf 81' lang='lat' dir='ltr'><strong><em>fl.</em></strong></span> <span class='ocrx_word' id='word_1_70' title='bbox 1155 1097 1209 1168; x_wconf 87' lang='lat'>111,</span> <span class='ocrx_word' id='word_1_71' title='bbox 1233 1097 1262 1156; x_wconf 79' lang='lat'><strong><em>2.</em></strong></span> 
     </span>
     <span class='ocr_line' id='line_1_9' title="bbox 158 1202 1264 1278; baseline -0.004 -17"><span class='ocrx_word' id='word_1_72' title='bbox 158 1208 331 1263; x_wconf 61' lang='lat' dir='ltr'><strong><em>concitator</em></strong></span> <span class='ocrx_word' id='word_1_73' title='bbox 351 1221 403 1278; x_wconf 90' lang='lat' dir='ltr'><strong><em>pro</em></strong></span> <span class='ocrx_word' id='word_1_74' title='bbox 425 1206 593 1262; x_wconf 86' lang='lat' dir='ltr'><strong><em>concitetor.</em></strong></span> <span class='ocrx_word' id='word_1_75' title='bbox 638 1203 669 1259; x_wconf 81' lang='lat' dir='ltr'><strong><em>G.</em></strong></span> <span class='ocrx_word' id='word_1_76' title='bbox 694 1202 743 1259; x_wconf 85' lang='grc'><strong><em>18.</em></strong></span> <span class='ocrx_word' id='word_1_77' title='bbox 764 1204 828 1259; x_wconf 41' lang='lat' dir='ltr'><strong><em>init*</em></strong></span> <span class='ocrx_word' id='word_1_78' title='bbox 842 1205 926 1275; x_wconf 79' lang='lat' dir='ltr'><strong><em>signo</em></strong></span> <span class='ocrx_word' id='word_1_79' title='bbox 947 1244 954 1259; x_wconf 93' lang='lat'><strong><em>.</em></strong></span> <span class='ocrx_word' id='word_1_80' title='bbox 976 1244 984 1259; x_wconf 98' lang='lat'><strong><em>.</em></strong></span> <span class='ocrx_word' id='word_1_81' title='bbox 1005 1244 1013 1259; x_wconf 97' lang='lat'><strong><em>.</em></strong></span> <span class='ocrx_word' id='word_1_82' title='bbox 1036 1244 1043 1259; x_wconf 93' lang='lat'><strong><em>.</em></strong></span> <span class='ocrx_word' id='word_1_83' title='bbox 1061 1202 1264 1274; x_wconf 74' lang='lat' dir='ltr'><strong><em>profectosset</em></strong></span> 
     </span>
     <span class='ocr_line' id='line_1_10' title="bbox 157 1304 1261 1383; baseline -0.004 -19"><span class='ocrx_word' id='word_1_84' title='bbox 157 1324 209 1383; x_wconf 89' lang='lat' dir='ltr'><strong><em>pro</em></strong></span> <span class='ocrx_word' id='word_1_85' title='bbox 239 1310 322 1381; x_wconf 69' lang='grc' dir='ltr'><strong><em>είφια</em></strong></span> <span class='ocrx_word' id='word_1_86' title='bbox 349 1350 358 1366; x_wconf 82' lang='grc'><strong>.</strong></span> <span class='ocrx_word' id='word_1_87' title='bbox 386 1351 393 1365; x_wconf 93' lang='grc'><strong>.</strong></span> <span class='ocrx_word' id='word_1_88' title='bbox 423 1352 429 1366; x_wconf 94' lang='grc'><strong>.</strong></span> <span class='ocrx_word' id='word_1_89' title='bbox 459 1352 466 1365; x_wconf 83' lang='grc'><em>,</em></span> <span class='ocrx_word' id='word_1_90' title='bbox 492 1315 692 1382; x_wconf 71' lang='lat' dir='ltr'><strong><em>pronecteret.</em></strong></span> <span class='ocrx_word' id='word_1_91' title='bbox 737 1306 768 1363; x_wconf 72' lang='grc'><strong>6.</strong></span> <span class='ocrx_word' id='word_1_92' title='bbox 799 1304 849 1361; x_wconf 78' lang='grc'><strong><em>24.</em></strong></span> <span class='ocrx_word' id='word_1_93' title='bbox 875 1305 1009 1362; x_wconf 80' lang='lat' dir='ltr'><strong><em>tollerent</em></strong></span> <span class='ocrx_word' id='word_1_94' title='bbox 1041 1320 1092 1376; x_wconf 85' lang='lat' dir='ltr'><strong><em>pro</em></strong></span> <span class='ocrx_word' id='word_1_95' title='bbox 1129 1304 1261 1362; x_wconf 73' lang='lat' dir='ltr'><strong><em>tolerent.</em></strong></span> 
     </span>
     <span class='ocr_line' id='line_1_11' title="bbox 157 1406 1256 1484; baseline 0 -19"><span class='ocrx_word' id='word_1_96' title='bbox 157 1410 192 1466; x_wconf 80' lang='lat' dir='ltr'><strong><em>(l.</em></strong></span> <span class='ocrx_word' id='word_1_97' title='bbox 217 1410 266 1467; x_wconf 73' lang='lat' dir='ltr'><strong><em>tt.</em></strong></span> <span class='ocrx_word' id='word_1_98' title='bbox 288 1411 464 1484; x_wconf 74' lang='lat' dir='ltr'><strong><em>Appenninis</em></strong></span> <span class='ocrx_word' id='word_1_99' title='bbox 479 1413 559 1484; x_wconf 63' lang='lat' dir='ltr'><strong><em>,iupis</em></strong></span> <span class='ocrx_word' id='word_1_100' title='bbox 585 1427 637 1483; x_wconf 91' lang='lat' dir='ltr'><strong><em>pro</em></strong></span> <span class='ocrx_word' id='word_1_101' title='bbox 659 1409 803 1482; x_wconf 77' lang='lat' dir='ltr'><strong><em>Apennini</em></strong></span> <span class='ocrx_word' id='word_1_102' title='bbox 839 1410 927 1481; x_wconf 64' lang='lat' dir='ltr'><strong><em>pupis.</em></strong></span> <span class='ocrx_word' id='word_1_103' title='bbox 971 1407 1004 1462; x_wconf 88' lang='grc' dir='ltr'><strong><em>ΙΙ.</em></strong></span> <span class='ocrx_word' id='word_1_104' title='bbox 1025 1407 1080 1478; x_wconf 87' lang='lat' dir='ltr'><strong><em>tv,</em></strong></span> <span class='ocrx_word' id='word_1_105' title='bbox 1103 1406 1154 1462; x_wconf 84' lang='lat'><strong><em>20.</em></strong></span> <span class='ocrx_word' id='word_1_106' title='bbox 1177 1407 1256 1465; x_wconf 80' lang='lat' dir='ltr'><strong><em>Her-</em></strong></span> 
     </span>
     <span class='ocr_line' id='line_1_12' title="bbox 156 1510 1259 1587; baseline -0.008 -12"><span class='ocrx_word' id='word_1_107' title='bbox 156 1516 257 1576; x_wconf 75' lang='lat' dir='ltr'><strong><em>renum</em></strong></span> <span class='ocrx_word' id='word_1_108' title='bbox 299 1530 351 1587; x_wconf 88' lang='lat' dir='ltr'><strong><em>pro</em></strong></span> <span class='ocrx_word' id='word_1_109' title='bbox 374 1515 527 1574; x_wconf 83' lang='lat' dir='ltr'><strong><em>Herennio.</em></strong></span> <span class='ocrx_word' id='word_1_110' title='bbox 571 1514 602 1570; x_wconf 83' lang='grc'><strong>6.</strong></span> <span class='ocrx_word' id='word_1_111' title='bbox 625 1512 677 1570; x_wconf 78' lang='lat' dir='ltr'><strong><em>to.</em></strong></span> <span class='ocrx_word' id='word_1_112' title='bbox 700 1520 770 1570; x_wconf 77' lang='lat' dir='ltr'><strong><em>extr.</em></strong></span> <span class='ocrx_word' id='word_1_113' title='bbox 798 1513 883 1569; x_wconf 86' lang='lat' dir='ltr'><strong><em>lectio</em></strong></span> <span class='ocrx_word' id='word_1_114' title='bbox 904 1511 1012 1568; x_wconf 62' lang='lat' dir='ltr'><strong><em>cadmia</em></strong></span> <span class='ocrx_word' id='word_1_115' title='bbox 1033 1510 1085 1566; x_wconf 76' lang='lat' dir='ltr'><strong><em>ila.</em></strong></span> <span class='ocrx_word' id='word_1_116' title='bbox 1101 1510 1185 1582; x_wconf 63' lang='lat' dir='ltr'><strong><em>&lt;guod</em></strong></span> <span class='ocrx_word' id='word_1_117' title='bbox 1202 1519 1259 1566; x_wconf 50' lang='lat' dir='ltr'><strong><em>tus·</em></strong></span> 
     </span>
     <span class='ocr_line' id='line_1_13' title="bbox 158 1613 1259 1688; baseline -0.003 -16"><span class='ocrx_word' id='word_1_118' title='bbox 158 1618 265 1673; x_wconf 76' lang='lat' dir='ltr'><strong><em>tissime</em></strong></span> <span class='ocrx_word' id='word_1_119' title='bbox 295 1618 419 1674; x_wconf 86' lang='lat' dir='ltr'><strong><em>remedio</em></strong></span> <span class='ocrx_word' id='word_1_120' title='bbox 449 1618 583 1688; x_wconf 81' lang='lat' dir='ltr'><strong><em>originem</em></strong></span> <span class='ocrx_word' id='word_1_121' title='bbox 612 1616 695 1672; x_wconf 88' lang='lat' dir='ltr'><strong><em>traxit</em></strong></span> <span class='ocrx_word' id='word_1_122' title='bbox 723 1631 760 1673; x_wconf 83' lang='lat' dir='ltr'><strong><em>ex</em></strong></span> <span class='ocrx_word' id='word_1_123' title='bbox 788 1614 930 1686; x_wconf 74' lang='lat' dir='ltr'><strong><em>archetypi</em></strong></span> <span class='ocrx_word' id='word_1_124' title='bbox 957 1613 1091 1685; x_wconf 71' lang='lat' dir='ltr'><strong><em>scriptino</em></strong></span> <span class='ocrx_word' id='word_1_125' title='bbox 1119 1619 1187 1685; x_wconf 86' lang='lat' dir='ltr'><strong><em>puot</em></strong></span> <span class='ocrx_word' id='word_1_126' title='bbox 1207 1619 1259 1669; x_wconf 83' lang='lat' dir='ltr'><strong><em>tu·-</em></strong></span> 
     </span>
     <span class='ocr_line' id='line_1_14' title="bbox 155 1715 1260 1793; baseline -0.002 -18"><span class='ocrx_word' id='word_1_127' title='bbox 155 1722 261 1775; x_wconf 84' lang='lat' dir='ltr'><strong><em>tissimo</em></strong></span> <span class='ocrx_word' id='word_1_128' title='bbox 284 1721 410 1777; x_wconf 84' lang='lat' dir='ltr'><strong><em>remedie</em></strong></span> <span class='ocrx_word' id='word_1_129' title='bbox 431 1735 483 1792; x_wconf 89' lang='lat' dir='ltr'><strong><em>pro</em></strong></span> <span class='ocrx_word' id='word_1_130' title='bbox 502 1737 564 1793; x_wconf 71' lang='lat' dir='ltr'><strong><em>»quo</em></strong></span> <span class='ocrx_word' id='word_1_131' title='bbox 585 1721 724 1776; x_wconf 84' lang='lat' dir='ltr'><strong><em>tutissimo</em></strong></span> <span class='ocrx_word' id='word_1_132' title='bbox 747 1736 771 1775; x_wconf 88' lang='lat' dir='ltr'><strong><em>r.</em></strong></span> <span class='ocrx_word' id='word_1_133' title='bbox 816 1718 845 1773; x_wconf 81' lang='lat' dir='ltr'><strong><em>G.</em></strong></span> <span class='ocrx_word' id='word_1_134' title='bbox 870 1718 919 1773; x_wconf 81' lang='lat' dir='ltr'><strong><em>to.</em></strong></span> <span class='ocrx_word' id='word_1_135' title='bbox 941 1716 1027 1772; x_wconf 83' lang='lat' dir='ltr'><strong><em>lectio</em></strong></span> <span class='ocrx_word' id='word_1_136' title='bbox 1049 1715 1132 1772; x_wconf 83' lang='lat' dir='ltr'><strong><em>codd.</em></strong></span> <span class='ocrx_word' id='word_1_137' title='bbox 1151 1716 1214 1775; x_wconf 63' lang='lat' dir='ltr'><strong><em>Ma..</em></strong></span> <span class='ocrx_word' id='word_1_138' title='bbox 1227 1715 1260 1773; x_wconf 74' lang='lat' dir='ltr'><strong><em>G.</em></strong></span> 
     </span>
     <span class='ocr_line' id='line_1_15' title="bbox 157 1818 1257 1895; baseline -0.003 -18"><span class='ocrx_word' id='word_1_139' title='bbox 157 1822 308 1878; x_wconf 81' lang='lat' dir='ltr'><strong><em>Offensiuna</em></strong></span> <span class='ocrx_word' id='word_1_140' title='bbox 329 1839 366 1878; x_wconf 85' lang='lat' dir='ltr'><strong><em>ex</em></strong></span> <span class='ocrx_word' id='word_1_141' title='bbox 388 1824 521 1894; x_wconf 81' lang='lat' dir='ltr'><strong><em>scriptore</em></strong></span> <span class='ocrx_word' id='word_1_142' title='bbox 541 1822 681 1895; x_wconf 67' lang='lat' dir='ltr'><strong><em>archetypi</em></strong></span> <span class='ocrx_word' id='word_1_143' title='bbox 704 1819 892 1877; x_wconf 72' lang='lat' dir='ltr'><strong><em>ornnstttnt</em></strong></span> <span class='ocrx_word' id='word_1_144' title='bbox 909 1835 961 1891; x_wconf 87' lang='lat' dir='ltr'><strong><em>pro</em></strong></span> <span class='ocrx_word' id='word_1_145' title='bbox 984 1818 1176 1876; x_wconf 78' lang='lat' dir='ltr'><strong><em>OEENSIUM</em></strong></span> <span class='ocrx_word' id='word_1_146' title='bbox 1196 1825 1257 1874; x_wconf 86' lang='lat' dir='ltr'><strong><em>orta</em></strong></span> 
     </span>
     <span class='ocr_line' id='line_1_16' title="bbox 158 1921 1256 1994; baseline 0 -17"><span class='ocrx_word' id='word_1_147' title='bbox 158 1938 222 1978; x_wconf 86' lang='lat' dir='ltr'><strong><em>esse</em></strong></span> <span class='ocrx_word' id='word_1_148' title='bbox 243 1923 351 1979; x_wconf 79' lang='lat' dir='ltr'><strong><em>ridetur</em></strong></span> <span class='ocrx_word' id='word_1_149' title='bbox 372 1923 450 1979; x_wconf 88' lang='lat' dir='ltr'><strong><em>litera</em></strong></span> <span class='ocrx_word' id='word_1_150' title='bbox 471 1924 493 1978; x_wconf 81' lang='lat' dir='ltr'><strong>F</strong></span> <span class='ocrx_word' id='word_1_151' title='bbox 517 1924 662 1994; x_wconf 86' lang='lat' dir='ltr'><strong><em>geminata.</em></strong></span> <span class='ocrx_word' id='word_1_152' title='bbox 706 1921 737 1978; x_wconf 86' lang='lat'><strong><em>0.</em></strong></span> <span class='ocrx_word' id='word_1_153' title='bbox 761 1922 810 1978; x_wconf 90' lang='grc'><strong><em>66.</em></strong></span> <span class='ocrx_word' id='word_1_154' title='bbox 833 1928 903 1977; x_wconf 81' lang='lat' dir='ltr'><strong><em>extr.</em></strong></span> <span class='ocrx_word' id='word_1_155' title='bbox 925 1922 1069 1976; x_wconf 65' lang='lat' dir='ltr'><strong><em>&amp;nonos</em></strong></span> <span class='ocrx_word' id='word_1_156' title='bbox 1088 1936 1140 1991; x_wconf 89' lang='lat' dir='ltr'><strong><em>pro</em></strong></span> <span class='ocrx_word' id='word_1_157' title='bbox 1164 1921 1256 1977; x_wconf 82' lang='lat' dir='ltr'><strong><em>Beto-</em></strong></span> 
     </span>
     <span class='ocr_line' id='line_1_17' title="bbox 155 2023 1257 2096; baseline -0.001 -16"><span class='ocrx_word' id='word_1_158' title='bbox 155 2026 221 2080; x_wconf 84' lang='lat' dir='ltr'><strong><em>sies.</em></strong></span> <span class='ocrx_word' id='word_1_159' title='bbox 266 2025 297 2081; x_wconf 76' lang='lat' dir='ltr'><strong><em>(l.</em></strong></span> <span class='ocrx_word' id='word_1_160' title='bbox 321 2025 370 2082; x_wconf 82' lang='lat'><strong><em>68.</em></strong></span> <span class='ocrx_word' id='word_1_161' title='bbox 399 2026 505 2083; x_wconf 85' lang='lat' dir='ltr'><strong><em>Vcrros</em></strong></span> <span class='ocrx_word' id='word_1_162' title='bbox 532 2042 584 2096; x_wconf 90' lang='lat' dir='ltr'><strong><em>pro</em></strong></span> <span class='ocrx_word' id='word_1_163' title='bbox 612 2025 712 2082; x_wconf 85' lang='lat' dir='ltr'><strong><em>Vorcs.</em></strong></span> <span class='ocrx_word' id='word_1_164' title='bbox 758 2024 787 2080; x_wconf 82' lang='grc'><strong>6.</strong></span> <span class='ocrx_word' id='word_1_165' title='bbox 814 2024 862 2080; x_wconf 90' lang='grc'><strong>76.</strong></span> <span class='ocrx_word' id='word_1_166' title='bbox 884 2024 1023 2096; x_wconf 84' lang='lat' dir='ltr'><strong><em>imperitia</em></strong></span> <span class='ocrx_word' id='word_1_167' title='bbox 1050 2023 1257 2079; x_wconf 68' lang='lat' dir='ltr'><strong><em>adulescentuli</em></strong></span> 
     </span>
     <span class='ocr_line' id='line_1_18' title="bbox 156 2124 1260 2201; baseline 0 -19"><span class='ocrx_word' id='word_1_168' title='bbox 156 2143 208 2199; x_wconf 89' lang='lat' dir='ltr'><strong><em>pro</em></strong></span> <span class='ocrx_word' id='word_1_169' title='bbox 230 2130 355 2201; x_wconf 81' lang='lat' dir='ltr'><strong><em>imperiti</em></strong></span> <span class='ocrx_word' id='word_1_170' title='bbox 373 2129 588 2185; x_wconf 75' lang='lat' dir='ltr'><strong><em>adulescentuli.</em></strong></span> <span class='ocrx_word' id='word_1_171' title='bbox 633 2127 663 2184; x_wconf 79' lang='lat' dir='ltr'><strong><em>C.</em></strong></span> <span class='ocrx_word' id='word_1_172' title='bbox 686 2127 881 2182; x_wconf 68' lang='lat' dir='ltr'><strong><em>stennon</em></strong></span> <span class='ocrx_word' id='word_1_173' title='bbox 902 2142 953 2198; x_wconf 89' lang='lat' dir='ltr'><strong><em>pro</em></strong></span> <span class='ocrx_word' id='word_1_174' title='bbox 977 2133 1073 2182; x_wconf 85' lang='lat' dir='ltr'><strong><em>antea.</em></strong></span> <span class='ocrx_word' id='word_1_175' title='bbox 1116 2124 1149 2182; x_wconf 83' lang='lat' dir='ltr'><strong><em>tt</em></strong></span> <span class='ocrx_word' id='word_1_176' title='bbox 1170 2126 1211 2195; x_wconf 88' lang='lat' dir='ltr'><strong><em>V,</em></strong></span> <span class='ocrx_word' id='word_1_177' title='bbox 1232 2127 1260 2182; x_wconf 74' lang='grc'><strong><em>7.</em></strong></span> 
     </span>
     <span class='ocr_line' id='line_1_19' title="bbox 157 2228 1258 2303; baseline -0.001 -17"><span class='ocrx_word' id='word_1_178' title='bbox 157 2230 240 2286; x_wconf 83' lang='lat' dir='ltr'><strong><em>codd.</em></strong></span> <span class='ocrx_word' id='word_1_179' title='bbox 262 2232 323 2287; x_wconf 81' lang='lat' dir='ltr'><strong><em>Meti</em></strong></span> <span class='ocrx_word' id='word_1_180' title='bbox 345 2239 374 2287; x_wconf 83' lang='lat' dir='ltr'><strong><em>et</em></strong></span> <span class='ocrx_word' id='word_1_181' title='bbox 396 2232 457 2288; x_wconf 82' lang='lat' dir='ltr'><strong><em>edd</em></strong></span> <span class='ocrx_word' id='word_1_182' title='bbox 486 2238 551 2287; x_wconf 85' lang='lat' dir='ltr'><strong><em>vett.</em></strong></span> <span class='ocrx_word' id='word_1_183' title='bbox 572 2230 658 2303; x_wconf 69' lang='lat' dir='ltr'><strong><em>plores</em></strong></span> <span class='ocrx_word' id='word_1_184' title='bbox 679 2248 731 2287; x_wconf 82' lang='lat' dir='ltr'><strong><em>sen</em></strong></span> <span class='ocrx_word' id='word_1_185' title='bbox 753 2230 884 2287; x_wconf 80' lang='lat' dir='ltr'><strong><em>exhibent</em></strong></span> <span class='ocrx_word' id='word_1_186' title='bbox 904 2245 956 2302; x_wconf 91' lang='lat' dir='ltr'><strong><em>pro</em></strong></span> <span class='ocrx_word' id='word_1_187' title='bbox 975 2228 1047 2301; x_wconf 74' lang='lat' dir='ltr'><strong><em>llere</em></strong></span> <span class='ocrx_word' id='word_1_188' title='bbox 1068 2245 1136 2299; x_wconf 86' lang='lat' dir='ltr'><strong><em>seu,</em></strong></span> <span class='ocrx_word' id='word_1_189' title='bbox 1159 2228 1258 2285; x_wconf 85' lang='lat' dir='ltr'><strong><em>deinde</em></strong></span> 
     </span>
     <span class='ocr_line' id='line_1_20' title="bbox 156 2330 1257 2408; baseline -0.004 -17"><span class='ocrx_word' id='word_1_190' title='bbox 156 2333 254 2391; x_wconf 83' lang='lat' dir='ltr'><strong><em>Bellus</em></strong></span> <span class='ocrx_word' id='word_1_191' title='bbox 275 2337 367 2392; x_wconf 84' lang='lat' dir='ltr'><strong><em>omnis</em></strong></span> <span class='ocrx_word' id='word_1_192' title='bbox 388 2352 440 2408; x_wconf 89' lang='lat' dir='ltr'><strong><em>pro</em></strong></span> <span class='ocrx_word' id='word_1_193' title='bbox 463 2335 552 2392; x_wconf 85' lang='lat' dir='ltr'><strong><em>Belus</em></strong></span> <span class='ocrx_word' id='word_1_194' title='bbox 572 2335 672 2391; x_wconf 85' lang='lat' dir='ltr'><strong><em>omnis.</em></strong></span> <span class='ocrx_word' id='word_1_195' title='bbox 701 2334 747 2391; x_wconf 75' lang='grc' dir='ltr'><strong><em>,ΙΙ</em></strong></span> <span class='ocrx_word' id='word_1_196' title='bbox 770 2335 812 2392; x_wconf 84' lang='lat' dir='ltr'><strong><em>V.</em></strong></span> <span class='ocrx_word' id='word_1_197' title='bbox 837 2331 885 2392; x_wconf 81' lang='lat' dir='ltr'><strong><em>tt.</em></strong></span> <span class='ocrx_word' id='word_1_198' title='bbox 906 2333 942 2389; x_wconf 72' lang='lat' dir='ltr'><strong><em>inv</em></strong></span> <span class='ocrx_word' id='word_1_199' title='bbox 956 2332 1039 2391; x_wconf 87' lang='lat' dir='ltr'><strong><em>codd.</em></strong></span> <span class='ocrx_word' id='word_1_200' title='bbox 1065 2332 1117 2391; x_wconf 73' lang='lat' dir='ltr'><strong><em>En.</em></strong></span> <span class='ocrx_word' id='word_1_201' title='bbox 1139 2330 1170 2389; x_wconf 88' lang='grc' dir='ltr'><strong><em>Β.</em></strong></span> <span class='ocrx_word' id='word_1_202' title='bbox 1192 2333 1257 2387; x_wconf 85' lang='lat' dir='ltr'><strong><em>oir-</em></strong></span> 
     </span>
     <span class='ocr_line' id='line_1_21' title="bbox 156 2439 883 2510; baseline 0.001 -18"><span class='ocrx_word' id='word_1_203' title='bbox 156 2440 224 2495; x_wconf 86' lang='lat' dir='ltr'><strong><em>totis</em></strong></span> <span class='ocrx_word' id='word_1_204' title='bbox 246 2440 341 2495; x_wconf 86' lang='lat' dir='ltr'><strong><em>sciens</em></strong></span> <span class='ocrx_word' id='word_1_205' title='bbox 362 2439 463 2510; x_wconf 78' lang='lat' dir='ltr'><strong><em>legiter</em></strong></span> <span class='ocrx_word' id='word_1_206' title='bbox 484 2452 536 2510; x_wconf 91' lang='lat' dir='ltr'><strong><em>pro</em></strong></span> <span class='ocrx_word' id='word_1_207' title='bbox 558 2439 674 2495; x_wconf 71' lang='lat' dir='ltr'><strong><em>einum</em></strong></span> <span class='ocrx_word' id='word_1_208' title='bbox 697 2439 784 2494; x_wconf 74' lang='lat' dir='ltr'><strong><em>eterra</em></strong></span> <span class='ocrx_word' id='word_1_209' title='bbox 882 2482 883 2485; x_wconf 34' lang='lat'><strong><em>.</em></strong></span> 
     </span>
    </p>

    <p class='ocr_par' dir='ltr' id='par_1_5' title="bbox 150 2538 1257 3430">
     <span class='ocr_line' id='line_1_22' title="bbox 259 2538 1257 2613; baseline -0.003 -17"><span class='ocrx_word' id='word_1_210' title='bbox 259 2539 338 2609; x_wconf 85' lang='lat' dir='ltr'><strong><em>Quae</em></strong></span> <span class='ocrx_word' id='word_1_211' title='bbox 360 2554 440 2613; x_wconf 84' lang='lat' dir='ltr'><strong><em>quum</em></strong></span> <span class='ocrx_word' id='word_1_212' title='bbox 460 2541 499 2597; x_wconf 80' lang='lat' dir='ltr'><strong><em>its</em></strong></span> <span class='ocrx_word' id='word_1_213' title='bbox 519 2541 589 2610; x_wconf 88' lang='lat' dir='ltr'><strong><em>sint,</em></strong></span> <span class='ocrx_word' id='word_1_214' title='bbox 612 2540 645 2595; x_wconf 65' lang='grc' dir='ltr'>Α</span> <span class='ocrx_word' id='word_1_215' title='bbox 667 2540 708 2611; x_wconf 88' lang='grc' dir='ltr'><strong><em>ΙΙ,</em></strong></span> <span class='ocrx_word' id='word_1_216' title='bbox 732 2539 782 2593; x_wconf 78' lang='lat' dir='ltr'><strong><em>at.</em></strong></span> <span class='ocrx_word' id='word_1_217' title='bbox 804 2539 861 2594; x_wconf 88' lang='lat' dir='ltr'><strong><em>init.</em></strong></span> <span class='ocrx_word' id='word_1_218' title='bbox 888 2538 1025 2609; x_wconf 86' lang='lat' dir='ltr'><strong><em>scriptura</em></strong></span> <span class='ocrx_word' id='word_1_219' title='bbox 1047 2538 1153 2595; x_wconf 87' lang='lat' dir='ltr'><strong><em>codicis</em></strong></span> <span class='ocrx_word' id='word_1_220' title='bbox 1175 2538 1257 2594; x_wconf 77' lang='lat' dir='ltr'><strong><em>Livio</em></strong></span> 
     </span>
     <span class='ocr_line' id='line_1_23' title="bbox 153 2639 1252 2715; baseline -0.002 -18"><span class='ocrx_word' id='word_1_221' title='bbox 153 2650 246 2715; x_wconf 81' lang='lat' dir='ltr'><strong><em>nupto</em></strong></span> <span class='ocrx_word' id='word_1_222' title='bbox 266 2642 361 2698; x_wconf 84' lang='lat' dir='ltr'><strong><em>Druso</em></strong></span> <span class='ocrx_word' id='word_1_223' title='bbox 375 2644 447 2699; x_wconf 85' lang='lat' dir='ltr'><strong><em>duos</em></strong></span> <span class='ocrx_word' id='word_1_224' title='bbox 469 2643 566 2698; x_wconf 79' lang='lat' dir='ltr'><strong><em>viriles</em></strong></span> <span class='ocrx_word' id='word_1_225' title='bbox 583 2643 777 2698; x_wconf 72' lang='lat' dir='ltr'><strong><em>serus-otnant</em></strong></span> <span class='ocrx_word' id='word_1_226' title='bbox 789 2642 877 2697; x_wconf 79' lang='lat' dir='ltr'><strong><em>enico</em></strong></span> <span class='ocrx_word' id='word_1_227' title='bbox 897 2649 942 2697; x_wconf 81' lang='lat' dir='ltr'><strong><em>est</em></strong></span> <span class='ocrx_word' id='word_1_228' title='bbox 962 2641 1058 2714; x_wconf 84' lang='lat' dir='ltr'><strong><em>magis.</em></strong></span> <span class='ocrx_word' id='word_1_229' title='bbox 1072 2641 1109 2697; x_wconf 89' lang='lat' dir='ltr'><strong><em>ad</em></strong></span> <span class='ocrx_word' id='word_1_230' title='bbox 1128 2639 1153 2696; x_wconf 81' lang='grc'><strong>6.</strong></span> <span class='ocrx_word' id='word_1_231' title='bbox 1177 2639 1252 2695; x_wconf 85' lang='lat' dir='ltr'><strong><em>Gro-</em></strong></span> 
     </span>
     <span class='ocr_line' id='line_1_24' title="bbox 153 2743 1256 2816; baseline -0.002 -16"><span class='ocrx_word' id='word_1_232' title='bbox 153 2744 228 2800; x_wconf 78' lang='lat' dir='ltr'><strong><em>novii</em></strong></span> <span class='ocrx_word' id='word_1_233' title='bbox 251 2744 466 2801; x_wconf 85' lang='lat' dir='ltr'><strong><em>emendationem</em></strong></span> <span class='ocrx_word' id='word_1_234' title='bbox 488 2747 561 2801; x_wconf 87' lang='lat' dir='ltr'><strong><em>duos</em></strong></span> <span class='ocrx_word' id='word_1_235' title='bbox 579 2746 661 2800; x_wconf 82' lang='lat' dir='ltr'><strong><em>virile</em></strong></span> <span class='ocrx_word' id='word_1_236' title='bbox 690 2761 774 2801; x_wconf 89' lang='lat' dir='ltr'><strong><em>secus</em></strong></span> <span class='ocrx_word' id='word_1_237' title='bbox 796 2760 875 2816; x_wconf 86' lang='lat' dir='ltr'><strong><em>quam</em></strong></span> <span class='ocrx_word' id='word_1_238' title='bbox 900 2743 935 2799; x_wconf 91' lang='lat' dir='ltr'><strong><em>ad</em></strong></span> <span class='ocrx_word' id='word_1_239' title='bbox 956 2744 1093 2815; x_wconf 83' lang='lat' dir='ltr'><strong><em>vulgatam</em></strong></span> <span class='ocrx_word' id='word_1_240' title='bbox 1115 2743 1187 2799; x_wconf 87' lang='lat' dir='ltr'><strong><em>duos</em></strong></span> <span class='ocrx_word' id='word_1_241' title='bbox 1207 2744 1256 2798; x_wconf 84' lang='lat' dir='ltr'><strong><em>oi-</em></strong></span> 
     </span>
     <span class='ocr_line' id='line_1_25' title="bbox 152 2844 1255 2919; baseline -0.002 -17"><span class='ocrx_word' id='word_1_242' title='bbox 152 2848 218 2903; x_wconf 85' lang='lat' dir='ltr'><strong><em>rilis</em></strong></span> <span class='ocrx_word' id='word_1_243' title='bbox 239 2865 327 2904; x_wconf 78' lang='lat' dir='ltr'><strong><em>secus</em></strong></span> <span class='ocrx_word' id='word_1_244' title='bbox 355 2864 460 2903; x_wconf 89' lang='lat' dir='ltr'><strong><em>manum</em></strong></span> <span class='ocrx_word' id='word_1_245' title='bbox 483 2848 571 2919; x_wconf 85' lang='lat' dir='ltr'><strong><em>ducit,</em></strong></span> <span class='ocrx_word' id='word_1_246' title='bbox 595 2864 674 2918; x_wconf 87' lang='lat' dir='ltr'><strong><em>quum</em></strong></span> <span class='ocrx_word' id='word_1_247' title='bbox 700 2847 861 2919; x_wconf 85' lang='lat' dir='ltr'><strong><em>praesertim</em></strong></span> <span class='ocrx_word' id='word_1_248' title='bbox 883 2845 993 2901; x_wconf 79' lang='lat' dir='ltr'><strong><em>Tacitus</em></strong></span> <span class='ocrx_word' id='word_1_249' title='bbox 1014 2844 1051 2899; x_wconf 64' lang='grc'><strong>6·</strong></span> <span class='ocrx_word' id='word_1_250' title='bbox 1069 2844 1124 2914; x_wconf 88' lang='lat' dir='ltr'><strong><em>lv,</em></strong></span> <span class='ocrx_word' id='word_1_251' title='bbox 1147 2844 1197 2901; x_wconf 83' lang='grc'><strong>62.</strong></span> <span class='ocrx_word' id='word_1_252' title='bbox 1226 2850 1255 2900; x_wconf 84' lang='lat' dir='ltr'><strong><em>et</em></strong></span> 
     </span>
     <span class='ocr_line' id='line_1_26' title="bbox 150 2946 1254 3023; baseline -0.004 -17"><span class='ocrx_word' id='word_1_253' title='bbox 150 2950 182 3006; x_wconf 88' lang='grc' dir='ltr'><strong><em>Η.</em></strong></span> <span class='ocrx_word' id='word_1_254' title='bbox 205 2951 248 3023; x_wconf 64' lang='lat' dir='ltr'><strong><em>V,</em></strong></span> <span class='ocrx_word' id='word_1_255' title='bbox 272 2948 319 3006; x_wconf 81' lang='lat'><strong><em>13.</em></strong></span> <span class='ocrx_word' id='word_1_256' title='bbox 342 2950 438 3006; x_wconf 86' lang='lat' dir='ltr'><strong><em>eadem</em></strong></span> <span class='ocrx_word' id='word_1_257' title='bbox 466 2950 607 3006; x_wconf 87' lang='lat' dir='ltr'><strong><em>locutione</em></strong></span> <span class='ocrx_word' id='word_1_258' title='bbox 635 2966 700 3005; x_wconf 89' lang='lat' dir='ltr'><strong><em>usus</em></strong></span> <span class='ocrx_word' id='word_1_259' title='bbox 728 2949 771 3004; x_wconf 86' lang='lat' dir='ltr'><strong><em>sit.</em></strong></span> <span class='ocrx_word' id='word_1_260' title='bbox 822 2946 983 3004; x_wconf 85' lang='lat' dir='ltr'><strong><em>Emendatio</em></strong></span> <span class='ocrx_word' id='word_1_261' title='bbox 1011 2946 1143 3019; x_wconf 87' lang='lat' dir='ltr'><strong><em>probator</em></strong></span> <span class='ocrx_word' id='word_1_262' title='bbox 1172 2947 1254 3003; x_wconf 88' lang='lat' dir='ltr'><strong><em>etiam</em></strong></span> 
     </span>
     <span class='ocr_line' id='line_1_27' title="bbox 156 3049 1255 3122; baseline -0.005 -9"><span class='ocrx_word' id='word_1_263' title='bbox 156 3052 325 3113; x_wconf 82' lang='lat' dir='ltr'><strong><em>aCreunero</em></strong></span> <span class='ocrx_word' id='word_1_264' title='bbox 348 3052 376 3108; x_wconf 90' lang='lat' dir='ltr'><strong><em>in</em></strong></span> <span class='ocrx_word' id='word_1_265' title='bbox 395 3051 466 3109; x_wconf 84' lang='lat' dir='ltr'><strong><em>Ann.</em></strong></span> <span class='ocrx_word' id='word_1_266' title='bbox 488 3052 558 3109; x_wconf 86' lang='lat' dir='ltr'><strong><em>liter.</em></strong></span> <span class='ocrx_word' id='word_1_267' title='bbox 579 3052 756 3109; x_wconf 88' lang='lat' dir='ltr'><strong><em>Vindoboon.</em></strong></span> <span class='ocrx_word' id='word_1_268' title='bbox 779 3052 842 3108; x_wconf 89' lang='lat' dir='ltr'><strong><em>Vol.</em></strong></span> <span class='ocrx_word' id='word_1_269' title='bbox 865 3050 969 3108; x_wconf 80' lang='lat' dir='ltr'><strong><em>txvtt.</em></strong></span> <span class='ocrx_word' id='word_1_270' title='bbox 990 3068 1017 3122; x_wconf 87' lang='lat' dir='ltr'><strong><em>p.</em></strong></span> <span class='ocrx_word' id='word_1_271' title='bbox 1041 3049 1129 3121; x_wconf 61' lang='lat'><strong><em>215„</em></strong></span> <span class='ocrx_word' id='word_1_272' title='bbox 1153 3051 1197 3122; x_wconf 89' lang='lat' dir='ltr'><strong><em>qui</em></strong></span> <span class='ocrx_word' id='word_1_273' title='bbox 1220 3050 1255 3107; x_wconf 88' lang='lat' dir='ltr'><strong><em>de</em></strong></span> 
     </span>
     <span class='ocr_line' id='line_1_28' title="bbox 156 3152 1255 3227; baseline 0 -18"><span class='ocrx_word' id='word_1_274' title='bbox 156 3155 272 3212; x_wconf 80' lang='lat' dir='ltr'><strong><em>formula</em></strong></span> <span class='ocrx_word' id='word_1_275' title='bbox 295 3155 403 3212; x_wconf 88' lang='lat' dir='ltr'><strong><em>dicendi</em></strong></span> <span class='ocrx_word' id='word_1_276' title='bbox 425 3156 563 3212; x_wconf 73' lang='lat' dir='ltr'><strong><em>vitesiam</em></strong></span> <span class='ocrx_word' id='word_1_277' title='bbox 592 3156 627 3212; x_wconf 88' lang='lat' dir='ltr'><strong><em>ad</em></strong></span> <span class='ocrx_word' id='word_1_278' title='bbox 654 3156 784 3212; x_wconf 81' lang='lat' dir='ltr'><strong><em>Ammian.</em></strong></span> <span class='ocrx_word' id='word_1_279' title='bbox 813 3155 894 3226; x_wconf 79' lang='lat' dir='ltr'><strong><em>xvi,</em></strong></span> <span class='ocrx_word' id='word_1_280' title='bbox 923 3152 981 3227; x_wconf 73' lang='grc' dir='ltr'><strong><em>ΙΙ,</em></strong></span> <span class='ocrx_word' id='word_1_281' title='bbox 1007 3155 1037 3212; x_wconf 86' lang='grc'><strong><em>9.</em></strong></span> <span class='ocrx_word' id='word_1_282' title='bbox 1058 3172 1086 3227; x_wconf 88' lang='lat' dir='ltr'><strong><em>p.</em></strong></span> <span class='ocrx_word' id='word_1_283' title='bbox 1110 3154 1179 3210; x_wconf 85' lang='lat'><strong><em>222.</em></strong></span> <span class='ocrx_word' id='word_1_284' title='bbox 1211 3153 1255 3209; x_wconf 86' lang='lat' dir='ltr'><strong><em>ed.</em></strong></span> 
     </span>
     <span class='ocr_line' id='line_1_29' title="bbox 155 3250 1256 3331; baseline -0.004 -15"><span class='ocrx_word' id='word_1_285' title='bbox 155 3254 290 3330; x_wconf 79' lang='lat' dir='ltr'><strong><em>Wagner.</em></strong></span> <span class='ocrx_word' id='word_1_286' title='bbox 305 3264 334 3314; x_wconf 88' lang='lat' dir='ltr'><strong><em>et</em></strong></span> <span class='ocrx_word' id='word_1_287' title='bbox 348 3258 532 3315; x_wconf 86' lang='lat' dir='ltr'><strong><em>Roddimanni.</em></strong></span> <span class='ocrx_word' id='word_1_288' title='bbox 555 3259 651 3314; x_wconf 89' lang='lat' dir='ltr'><strong><em>Institt.</em></strong></span> <span class='ocrx_word' id='word_1_289' title='bbox 675 3259 789 3314; x_wconf 80' lang='lat' dir='ltr'><strong><em>Gramm.</em></strong></span> <span class='ocrx_word' id='word_1_290' title='bbox 803 3259 860 3315; x_wconf 89' lang='lat' dir='ltr'><strong><em>Lat.</em></strong></span> <span class='ocrx_word' id='word_1_291' title='bbox 882 3259 945 3315; x_wconf 84' lang='lat' dir='ltr'><strong><em>Vol.</em></strong></span> <span class='ocrx_word' id='word_1_292' title='bbox 967 3258 987 3315; x_wconf 90' lang='grc' dir='ltr'><strong><em>Ι.</em></strong></span> <span class='ocrx_word' id='word_1_293' title='bbox 1010 3275 1038 3331; x_wconf 89' lang='lat' dir='ltr'><strong><em>p.</em></strong></span> <span class='ocrx_word' id='word_1_294' title='bbox 1060 3250 1111 3313; x_wconf 82' lang='lat'><strong><em>3&#39;2.</em></strong></span> <span class='ocrx_word' id='word_1_295' title='bbox 1133 3264 1163 3312; x_wconf 88' lang='lat' dir='ltr'><strong><em>et</em></strong></span> <span class='ocrx_word' id='word_1_296' title='bbox 1185 3253 1256 3312; x_wconf 79' lang='lat'><strong><em>128.</em></strong></span> 
     </span>
     <span class='ocr_line' id='line_1_30' title="bbox 153 3355 1253 3430; baseline -0.004 -13"><span class='ocrx_word' id='word_1_297' title='bbox 153 3362 272 3417; x_wconf 76' lang='lat' dir='ltr'><strong><em>conferri</em></strong></span> <span class='ocrx_word' id='word_1_298' title='bbox 284 3358 371 3428; x_wconf 86' lang='lat' dir='ltr'><strong><em>jubet.</em></strong></span> <span class='ocrx_word' id='word_1_299' title='bbox 394 3361 474 3418; x_wconf 85' lang='lat' dir='ltr'><strong><em>Adde</em></strong></span> <span class='ocrx_word' id='word_1_300' title='bbox 491 3361 611 3417; x_wconf 80' lang='lat' dir='ltr'><strong><em>Gronov.</em></strong></span> <span class='ocrx_word' id='word_1_301' title='bbox 625 3369 652 3418; x_wconf 90' lang='lat' dir='ltr'><strong><em>et</em></strong></span> <span class='ocrx_word' id='word_1_302' title='bbox 666 3361 871 3417; x_wconf 84' lang='lat' dir='ltr'><strong><em>Drakenborch.</em></strong></span> <span class='ocrx_word' id='word_1_303' title='bbox 895 3361 930 3417; x_wconf 93' lang='lat' dir='ltr'><strong><em>ad</em></strong></span> <span class='ocrx_word' id='word_1_304' title='bbox 945 3361 1003 3418; x_wconf 81' lang='lat' dir='ltr'><strong><em>Lir.</em></strong></span> <span class='ocrx_word' id='word_1_305' title='bbox 1026 3360 1125 3428; x_wconf 78' lang='lat' dir='ltr'><strong><em>xxvi,</em></strong></span> <span class='ocrx_word' id='word_1_306' title='bbox 1149 3355 1201 3430; x_wconf 80' lang='lat' dir='ltr'><strong><em>tt,</em></strong></span> <span class='ocrx_word' id='word_1_307' title='bbox 1226 3357 1253 3414; x_wconf 88' lang='lat'><strong><em>1.</em></strong></span> 
     </span>
    </p>

    <p class='ocr_par' dir='ltr' id='par_1_6' title="bbox 152 3462 1255 4260">
     <span class='ocr_line' id='line_1_31' title="bbox 252 3462 1255 3537; baseline -0.003 -19"><span class='ocrx_word' id='word_1_308' title='bbox 252 3463 351 3521; x_wconf 89' lang='lat' dir='ltr'><strong><em>lisdem</em></strong></span> <span class='ocrx_word' id='word_1_309' title='bbox 379 3464 433 3520; x_wconf 89' lang='lat' dir='ltr'><strong><em>illis</em></strong></span> <span class='ocrx_word' id='word_1_310' title='bbox 461 3462 594 3537; x_wconf 84' lang='lat' dir='ltr'><strong><em>exemplis</em></strong></span> <span class='ocrx_word' id='word_1_311' title='bbox 623 3464 713 3520; x_wconf 86' lang='lat' dir='ltr'><strong><em>nititur</em></strong></span> <span class='ocrx_word' id='word_1_312' title='bbox 744 3464 896 3520; x_wconf 84' lang='lat' dir='ltr'><strong><em>emendatio</em></strong></span> <span class='ocrx_word' id='word_1_313' title='bbox 926 3463 1073 3535; x_wconf 84' lang='lat' dir='ltr'><strong><em>Beroaldi‚</em></strong></span> <span class='ocrx_word' id='word_1_314' title='bbox 1103 3463 1147 3535; x_wconf 86' lang='lat' dir='ltr'><strong><em>qui</em></strong></span> <span class='ocrx_word' id='word_1_315' title='bbox 1175 3477 1255 3534; x_wconf 87' lang='lat' dir='ltr'><strong><em>quum</em></strong></span> 
     </span>
     <span class='ocr_line' id='line_1_32' title="bbox 155 3562 1255 3640; baseline 0.002 -22"><span class='ocrx_word' id='word_1_316' title='bbox 155 3562 259 3634; x_wconf 70' lang='lat' dir='ltr'><strong><em>niv.</em></strong></span> <span class='ocrx_word' id='word_1_317' title='bbox 281 3565 331 3623; x_wconf 82' lang='grc'><strong>63.</strong></span> <span class='ocrx_word' id='word_1_318' title='bbox 352 3568 409 3624; x_wconf 91' lang='lat' dir='ltr'><strong><em>init.</em></strong></span> <span class='ocrx_word' id='word_1_319' title='bbox 430 3569 458 3624; x_wconf 88' lang='lat' dir='ltr'><strong><em>in</em></strong></span> <span class='ocrx_word' id='word_1_320' title='bbox 486 3569 549 3627; x_wconf 84' lang='lat' dir='ltr'><strong><em>eod.</em></strong></span> <span class='ocrx_word' id='word_1_321' title='bbox 579 3568 697 3640; x_wconf 83' lang='lat' dir='ltr'><strong><em>legisset</em></strong></span> <span class='ocrx_word' id='word_1_322' title='bbox 719 3575 748 3624; x_wconf 91' lang='lat' dir='ltr'><strong><em>et</em></strong></span> <span class='ocrx_word' id='word_1_323' title='bbox 768 3583 854 3640; x_wconf 88' lang='lat' dir='ltr'><strong><em>soepe</em></strong></span> <span class='ocrx_word' id='word_1_324' title='bbox 877 3575 1038 3638; x_wconf 82' lang='lat' dir='ltr'><strong><em>certamen,</em></strong></span> <span class='ocrx_word' id='word_1_325' title='bbox 1060 3568 1086 3622; x_wconf 84' lang='lat' dir='ltr'><strong><em>si</em></strong></span> <span class='ocrx_word' id='word_1_326' title='bbox 1108 3567 1255 3639; x_wconf 74' lang='lat' dir='ltr'><strong><em>confusior</em></strong></span> 
     </span>
     <span class='ocr_line' id='line_1_33' title="bbox 153 3666 1252 3743; baseline 0.003 -21"><span class='ocrx_word' id='word_1_327' title='bbox 153 3667 249 3739; x_wconf 79' lang='lat' dir='ltr'><strong><em>series</em></strong></span> <span class='ocrx_word' id='word_1_328' title='bbox 270 3669 331 3724; x_wconf 87' lang='lat' dir='ltr'><strong><em>sed</em></strong></span> <span class='ocrx_word' id='word_1_329' title='bbox 348 3687 406 3743; x_wconf 87' lang='lat' dir='ltr'><strong><em>par</em></strong></span> <span class='ocrx_word' id='word_1_330' title='bbox 422 3671 519 3741; x_wconf 72' lang='lat' dir='ltr'><strong><em>formo</em></strong></span> <span class='ocrx_word' id='word_1_331' title='bbox 545 3681 598 3728; x_wconf 89' lang='lat' dir='ltr'><strong><em>out</em></strong></span> <span class='ocrx_word' id='word_1_332' title='bbox 626 3680 710 3728; x_wconf 85' lang='lat' dir='ltr'><strong><em>cetos</em></strong></span> <span class='ocrx_word' id='word_1_333' title='bbox 736 3687 863 3727; x_wconf 89' lang='lat' dir='ltr'><strong><em>errorem</em></strong></span> <span class='ocrx_word' id='word_1_334' title='bbox 891 3666 1110 3742; x_wconf 76' lang='lat' dir='ltr'><strong><em>agnoscentibus</em></strong></span> <span class='ocrx_word' id='word_1_335' title='bbox 1130 3670 1252 3741; x_wconf 72' lang='lat' dir='ltr'><strong><em>feceret,</em></strong></span> 
     </span>
     <span class='ocr_line' id='line_1_34' title="bbox 152 3770 1253 3847; baseline 0 -20"><span class='ocrx_word' id='word_1_336' title='bbox 152 3770 313 3841; x_wconf 81' lang='lat' dir='ltr'><strong><em>corrigebat</em></strong></span> <span class='ocrx_word' id='word_1_337' title='bbox 341 3788 367 3826; x_wconf 93' lang='lat' dir='ltr'><strong><em>e.</em></strong></span> <span class='ocrx_word' id='word_1_338' title='bbox 388 3789 410 3828; x_wconf 85' lang='lat' dir='ltr'><strong><em>s.</em></strong></span> <span class='ocrx_word' id='word_1_339' title='bbox 439 3788 463 3829; x_wconf 93' lang='lat' dir='ltr'><strong><em>c.</em></strong></span> <span class='ocrx_word' id='word_1_340' title='bbox 491 3791 514 3829; x_wconf 86' lang='lat' dir='ltr'><strong><em>s.</em></strong></span> <span class='ocrx_word' id='word_1_341' title='bbox 544 3792 572 3832; x_wconf 88' lang='lat' dir='ltr'><strong><em>e.</em></strong></span> <span class='ocrx_word' id='word_1_342' title='bbox 598 3775 692 3846; x_wconf 76' lang='lat' dir='ltr'><strong><em>facies</em></strong></span> <span class='ocrx_word' id='word_1_343' title='bbox 719 3783 755 3831; x_wconf 90' lang='lat' dir='ltr'><strong><em>et</em></strong></span> <span class='ocrx_word' id='word_1_344' title='bbox 778 3774 954 3847; x_wconf 74' lang='lat' dir='ltr'><strong><em>perforato</em></strong></span> <span class='ocrx_word' id='word_1_345' title='bbox 982 3779 1035 3829; x_wconf 79' lang='lat' dir='ltr'><strong><em>eto</em></strong></span> <span class='ocrx_word' id='word_1_346' title='bbox 1079 3773 1253 3831; x_wconf 82' lang='lat' dir='ltr'><strong><em>Revocarunt</em></strong></span> 
     </span>
     <span class='ocr_line' id='line_1_35' title="bbox 156 3874 1253 3950; baseline 0.001 -21"><span class='ocrx_word' id='word_1_347' title='bbox 156 3874 265 3945; x_wconf 83' lang='lat' dir='ltr'><strong><em>quidem</em></strong></span> <span class='ocrx_word' id='word_1_348' title='bbox 286 3874 466 3931; x_wconf 82' lang='lat' dir='ltr'><strong><em>recentissimi</em></strong></span> <span class='ocrx_word' id='word_1_349' title='bbox 481 3875 601 3932; x_wconf 87' lang='lat' dir='ltr'><strong><em>editores</em></strong></span> <span class='ocrx_word' id='word_1_350' title='bbox 614 3876 678 3933; x_wconf 89' lang='lat' dir='ltr'><strong><em>inde</em></strong></span> <span class='ocrx_word' id='word_1_351' title='bbox 693 3894 708 3934; x_wconf 88' lang='lat' dir='ltr'><strong><em>a</em></strong></span> <span class='ocrx_word' id='word_1_352' title='bbox 722 3877 851 3934; x_wconf 84' lang='lat' dir='ltr'><strong><em>Bekkero</em></strong></span> <span class='ocrx_word' id='word_1_353' title='bbox 867 3876 973 3933; x_wconf 89' lang='lat' dir='ltr'><strong><em>codicis</em></strong></span> <span class='ocrx_word' id='word_1_354' title='bbox 993 3876 1170 3950; x_wconf 85' lang='lat' dir='ltr'><strong><em>scriptoram,</em></strong></span> <span class='ocrx_word' id='word_1_355' title='bbox 1192 3875 1253 3945; x_wconf 90' lang='lat' dir='ltr'><strong><em>sed,</em></strong></span> 
     </span>
     <span class='ocr_line' id='line_1_36' title="bbox 154 3975 1252 4059; baseline 0.002 -28"><span class='ocrx_word' id='word_1_356' title='bbox 154 3977 267 4032; x_wconf 82' lang='lat' dir='ltr'><strong><em>etmihi</em></strong></span> <span class='ocrx_word' id='word_1_357' title='bbox 291 3977 397 4059; x_wconf 80' lang='lat' dir='ltr'><strong><em>quidem</em></strong></span> <span class='ocrx_word' id='word_1_358' title='bbox 418 3977 541 4050; x_wconf 83' lang='lat' dir='ltr'><strong><em>videtur,</em></strong></span> <span class='ocrx_word' id='word_1_359' title='bbox 563 3987 742 4051; x_wconf 88' lang='lat' dir='ltr'><strong><em>praepostere</em></strong></span> <span class='ocrx_word' id='word_1_360' title='bbox 764 3980 889 4037; x_wconf 87' lang='lat' dir='ltr'><strong><em>Mediceo</em></strong></span> <span class='ocrx_word' id='word_1_361' title='bbox 918 3981 1151 4052; x_wconf 79' lang='lat' dir='ltr'><strong><em>obtemperarunt3</em></strong></span> <span class='ocrx_word' id='word_1_362' title='bbox 1174 3975 1252 4045; x_wconf 79' lang='lat' dir='ltr'><strong><em>crrjus</em></strong></span> 
     </span>
     <span class='ocr_line' id='line_1_37' title="bbox 154 4080 1252 4155; baseline 0.002 -21"><span class='ocrx_word' id='word_1_363' title='bbox 154 4080 287 4151; x_wconf 88' lang='lat' dir='ltr'><strong><em>scriptura</em></strong></span> <span class='ocrx_word' id='word_1_364' title='bbox 300 4081 327 4138; x_wconf 89' lang='lat' dir='ltr'><strong><em>si</em></strong></span> <span class='ocrx_word' id='word_1_365' title='bbox 339 4081 456 4151; x_wconf 85' lang='lat' dir='ltr'><strong><em>genuina</em></strong></span> <span class='ocrx_word' id='word_1_366' title='bbox 478 4088 571 4154; x_wconf 89' lang='lat' dir='ltr'><strong><em>esset,</em></strong></span> <span class='ocrx_word' id='word_1_367' title='bbox 594 4099 626 4141; x_wconf 90' lang='lat' dir='ltr'><strong><em>ea</em></strong></span> <span class='ocrx_word' id='word_1_368' title='bbox 641 4083 697 4141; x_wconf 90' lang='lat' dir='ltr'><strong><em>ioci</em></strong></span> <span class='ocrx_word' id='word_1_369' title='bbox 712 4085 846 4141; x_wconf 80' lang='lat' dir='ltr'><strong><em>sententia</em></strong></span> <span class='ocrx_word' id='word_1_370' title='bbox 858 4086 948 4155; x_wconf 82' lang='lat' dir='ltr'><strong><em>toret,</em></strong></span> <span class='ocrx_word' id='word_1_371' title='bbox 972 4085 1129 4141; x_wconf 83' lang='lat' dir='ltr'><strong><em>contusiore</em></strong></span> <span class='ocrx_word' id='word_1_372' title='bbox 1146 4082 1252 4155; x_wconf 86' lang='lat' dir='ltr'><strong><em>quidem</em></strong></span> 
     </span>
     <span class='ocr_line' id='line_1_38' title="bbox 152 4182 1251 4260; baseline 0.005 -24"><span class='ocrx_word' id='word_1_373' title='bbox 152 4187 319 4239; x_wconf 84' lang='lat' dir='ltr'><strong><em>mortuorum</em></strong></span> <span class='ocrx_word' id='word_1_374' title='bbox 347 4182 419 4240; x_wconf 77' lang='lat' dir='ltr'><strong><em>facie</em></strong></span> <span class='ocrx_word' id='word_1_375' title='bbox 448 4200 570 4242; x_wconf 87' lang='lat' dir='ltr'><strong><em>errorem</em></strong></span> <span class='ocrx_word' id='word_1_376' title='bbox 597 4186 734 4245; x_wconf 85' lang='lat' dir='ltr'><strong><em>hominum</em></strong></span> <span class='ocrx_word' id='word_1_377' title='bbox 762 4188 797 4245; x_wconf 90' lang='lat' dir='ltr'><strong><em>ad</em></strong></span> <span class='ocrx_word' id='word_1_378' title='bbox 826 4203 945 4260; x_wconf 85' lang='lat' dir='ltr'><strong><em>corpora</em></strong></span> <span class='ocrx_word' id='word_1_379' title='bbox 974 4187 1152 4260; x_wconf 84' lang='lat' dir='ltr'><strong><em>agnoscenda</em></strong></span> <span class='ocrx_word' id='word_1_380' title='bbox 1179 4202 1251 4243; x_wconf 91' lang='lat' dir='ltr'><strong><em>eon·</em></strong></span> 
     </span>
    </p>
   </div>
   <div class='ocr_carea' id='block_1_5' title="bbox 0 0 1472 4775">
    <p class='ocr_par' dir='ltr' id='par_1_7' title="bbox 0 0 1472 4775">
     <span class='ocr_line' id='line_1_39' title="bbox 0 0 1472 4775; baseline 0 3"><span class='ocrx_word' id='word_1_381' title='bbox 0 0 1472 4775; x_wconf 95' lang='lat' dir='ltr'><strong><em> </em></strong></span> 
     </span>
    </p>
   </div>
  </div>
 </body>
</html>
