2934 4775
752 263 791 319 82

693 343 854 356 -ο

221 463 293 519 tibus
313 463 491 535 supplendum
512 462 549 519 ait
569 462 605 518 ad
626 461 773 533 genitivum
786 461 905 516 Murro
926 459 1123 532 explicandum.
1167 461 1234 516 ium
1255 443 1323 517 sane

224 566 442 637 octingenta
468 566 550 621 miliia
578 563 766 636 Britannorum
795 563 931 622 cecidisse
959 571 1131 635 expectares.
1175 563 1212 619 At
1237 563 1323 619 hodic

222 667 269 722 vix
292 668 360 739 erit,
395 668 440 739 qui
462 667 572 737 credat,
596 673 640 723 tot
661 667 842 723 Romanorum
870 682 904 722 ae
925 665 1113 722 Britannorum
1140 665 1221 721 millia
1243 666 1323 721 ceci-

224 769 311 826 disse:
335 770 422 827 etDio
438 770 514 825 Cass.
528 770 608 840 nnn,
618 769 646 825 8.
657 776 741 826 totum
748 769 935 825 Britannorum
947 769 1097 825 exercitum
1109 767 1228 824 GCCXX
1241 767 1324 824 miliia

223 873 380 944 explevisse
415 878 513 927 amat.
539 899 574 910 -
599 872 633 927 A.
653 873 719 942 XV,
750 871 799 928 28.
822 870 983 945 sambatus
1004 888 1055 943 pro
1087 869 1247 943 carpebatur
1268 885 1323 925 ex-

222 975 316 1032 hibent
338 975 419 1031 codd.
450 976 511 1031 disti
538 982 648 1047 praeter
669 974 832 1046 liddensem,
860 991 896 1031 cx
932 990 985 1046 quo
1014 974 1158 1032 Rhenanus
1186 974 1324 1045 vulgatam

221 1078 335 1133 induxit.
376 1076 524 1134 Antecedit
551 1079 621 1134 eninr
647 1079 759 1134 veritum
781 1085 908 1150 cuperet.
952 1076 982 1132 O.
1006 1077 1056 1133 36.
1077 1078 1105 1132 in
1127 1076 1190 1133 cod.
1219 1077 1270 1132 iia.
1293 1082 1321 1131 et

222 1179 466 1252 ed.Spir.1egitur
483 1181 635 1236 auditurus
655 1196 707 1252 pro
724 1181 856 1238 aditurus
878 1181 914 1242 ci)
929 1180 1054 1237 snteoed.
1069 1181 1179 1236 nudus.
1223 1179 1254 1233 G.
1269 1178 1319 1234 53.

220 1282 304 1338 lectio
328 1282 410 1339 codd.
431 1283 549 1339 tincti.
577 1290 606 1339 et
634 1283 677 1340 cd.
703 1283 774 1353 Spir.
797 1291 862 1339 not
889 1285 977 1339 inune
1008 1291 1074 1339 unt
1095 1297 1172 1356 spem
1192 1297 1244 1354 pro
1268 1290 1319 1337 aut

220 1385 336 1441 inanem
358 1386 483 1459 adipem
504 1401 541 1441 ex
563 1386 696 1456 scriptura
717 1393 749 1440 ut
764 1392 824 1441 ortu
847 1401 911 1441 esse
929 1385 1050 1457 videtur,
1074 1401 1125 1456 qua
1147 1385 1245 1441 multos
1266 1401 1319 1441 vc·

222 1493 310 1543 terum
332 1504 438 1559 eosque
466 1504 522 1545 non
543 1487 686 1543 itiiteratos
707 1503 774 1545 usos
804 1488 889 1544 inisse
910 1488 1061 1546 Schndder
1083 1487 1198 1544 (inrum.
1219 1488 1277 1543 Lat
1298 1487 1319 1543 1.

221 1606 249 1660 p.
272 1588 343 1645 251.
365 1607 425 1662 sqq.
446 1590 549 1647 docuit
593 1590 624 1645 (t.
647 1590 697 1646 62.
719 1592 746 1645 in
769 1590 833 1646 cod.
847 1592 900 1650 Aa.
923 1598 951 1648 et
973 1591 1016 1648 ed.
1034 1591 1104 1662 Spir.
1127 1592 1255 1662 scriptum
1276 1596 1319 1646 est

220 1709 312 1766 neque
349 1695 432 1750 atiud
469 1709 618 1766 superesse
653 1710 758 1766 quoru
791 1701 911 1750 matrem
943 1695 1119 1766 passuque
1144 1694 1319 1765 interfectos,

222 1813 329 1868 quun
358 1803 390 1852 ut
420 1797 584 1856 educatoris
609 1799 863 1871 praeceptorisque
891 1813 989 1853 moen
1010 1798 1150 1868 adiiceret
1170 1813 1223 1868 pro
1246 1797 1319 1868 iulg.

222 1897 345 1954 lectiam
363 1917 455 1973 neque
477 1901 559 1956 eliud
581 1917 728 1973 superesse
748 1909 833 1974 post
854 1908 973 1956 matrem
986 1908 1039 1957 cte.
1082 1900 1215 1955 Particala
1235 1916 1321 1972 quum

221 2016 239 2057 c
266 2001 441 2072 sequentibus
469 2002 560 2058 verbis
588 2009 740 2074 praesumta
770 2019 806 2059 co
834 2004 939 2059 tunitius
967 2004 1090 2075 irrepere
1118 2002 1223 2072 potuit,
1246 2003 1320 2072 quod

220 2102 335 2159 iortnnia
357 2121 448 2175 neque
477 2106 558 2160 uliud
585 2121 670 2176 quarn
698 2105 834 2161 tritissima
865 2105 973 2162 auribus
995 2112 1024 2160 ct
1045 2103 1157 2160 socordi
1179 2104 1260 2159 menti
1281 2104 1320 2159 li-

221 2205 371 2262 brariorum
393 2222 425 2261 se
446 2207 505 2277 ipsa
526 2207 633 2262 videtur
656 2207 788 2262 obtulisse
817 2214 898 2278 atquc
920 2206 1093 2277 obtrudisae,
1114 2206 1272 2278 praesertim
1294 2209 1319 2263 si

219 2308 450 2379 praepositionem
476 2317 543 2381 post
571 2325 621 2380 per
644 2310 833 2380 compendium
866 2310 893 2382 p'
915 2311 1041 2382 scriptam
1064 2310 1148 2365 inisse
1169 2309 1197 2365 in
1219 2312 1320 2366 arche·

220 2417 288 2482 typo
311 2412 415 2468 statuis.
456 2412 489 2467 Η.
512 2412 540 2482 1,
572 2410 619 2468 15.
648 2428 706 2469 non
733 2431 814 2471 meae
838 2423 947 2471 tanturn
976 2416 1217 2485 necessitudines,
1247 2430 1319 2487 puras

221 2512 272 2569 ntt
288 2518 438 2588 postponam
445 2558 455 2587 ‚
477 2516 529 2572 sed
551 2524 587 2572 et
609 2525 694 2573 tuac:
718 2526 751 2574 et
773 2516 823 2579 tibi
842 2519 941 2589 frater
957 2525 1010 2575 etc.
1038 2533 1089 2589 pro
1112 2525 1155 2574 est
1177 2515 1228 2572 titt
1247 2517 1319 2587 fro-

221 2623 266 2672 ter
295 2625 351 2674 etc.
396 2618 426 2673 0.
449 2617 499 2674 dd.
523 2619 604 2674 codd.
626 2620 677 2675 iia.
707 2619 741 2675 A.
771 2618 801 2675 O.
832 2621 866 2676 G.
891 2622 934 2678 ed.
965 2622 1035 2692 Spir.
1058 2621 1187 2676 exhibent
1214 2627 1319 2692 quurtu

217 2736 304 2792 purs
325 2722 478 2794 manipulis
499 2709 594 2795 pfnrs
613 2741 667 2796 per
686 2733 859 2780 commeatus
883 2738 933 2795 pro
962 2742 989 2796 q.
1011 2741 1040 2796 p.
1058 2722 1197 2796 mertipoti
1217 2739 1320 2796 sparso

216 2839 271 2895 per
292 2840 319 2879 c.
362 2824 400 2880 tti
420 2840 483 2881 voc.
500 2843 593 2898 pers
614 2827 725 2882 iiirrario
750 2827 890 2897 archetypi
912 2825 999 2881 iraudi
1012 2826 1097 2881 inisse
1116 2826 1180 2880 mihi
1202 2826 1318 2895 videtur,

220 2932 250 2980 ut
270 2926 365 2981 iterum
384 2928 517 2985 scriberet
534 2922 640 3003 pars,
663 2930 741 2985 iitcra
763 2947 777 2986 s
799 2928 862 2984 toci
879 2928 1055 2998 praecedenti
1077 2944 1191 2984 annexa.
1214 2928 1244 2984 C.
1267 2927 1318 2982 62.

221 3033 291 3083 extr.
310 3047 467 3103 prosperae
497 3034 541 3088 rei
561 3049 691 3089 nomeu
718 3047 769 3104 pro
800 3046 899 3086 omen
919 3031 946 3085 in
973 3032 1109 3087 oedila.
1132 3039 1159 3088 et
1181 3032 1225 3087 ed.
1246 3026 1318 3102 ¹Spir.

220 3145 257 3185 cx
284 3131 375 3187 verbis
406 3134 548 3190 antecedd.
577 3138 722 3192 nomine
754 3133 914 3189 demensi
949 3137 1045 3190 stetim
1073 3135 1170 3190 addito
1210 3133 1319 3204 irrepsit

219 3249 303 3304 prava
331 3237 478 3293 memoriae
507 3239 663 3295 tenacitate.
723 3237 754 3292 0.
789 3239 839 3294 75.
868 3236 994 3294 omnibns
1021 3239 1141 3321 inuicem
1169 3240 1181 3292 i
1187 3238 1319 3309 psoris

218 3352 270 3408 pro
304 3354 331 3394 o.
358 3342 379 3395 i.
415 3342 524 3412 pneris.
578 3340 724 3396 Antecedit
761 3341 830 3396 enim
865 3341 1058 3398 substantivum
1085 3343 1317 3413 ipuorantic.

219 3437 252 3495 H.
279 3440 321 3512 11,
352 3441 401 3498 20.
430 3441 466 3498 ob
490 3442 695 3497 antecedentem
723 3458 821 3499 vocem
851 3461 943 3515 equo
964 3443 991 3498 ia
1021 3443 1084 3499 cod.
1111 3444 1163 3500 iia.
1192 3445 1318 3500 scribitur

220 3558 291 3614 qnos
304 3545 445 3616 inepuos
466 3544 562 3600 cidere
575 3559 626 3615 pro
642 3562 712 3617 pnes
723 3547 852 3619 indeque
865 3563 905 3617 c,
927 3546 954 3602 in
977 3546 1008 3601 Ο.
1022 3554 1050 3602 ct
1062 3546 1106 3602 ed.
1121 3548 1192 3618 Spir.
1205 3564 1276 3620 quos
1287 3548 1319 3601 in

221 3646 411 3733 epulisc.,in
427 3645 457 3700 (i.
482 3649 597 3717 poesin
618 3665 708 3721 equo
728 3665 754 3706 o.
777 3650 874 3721 H.iii,
898 3649 1027 3705 2i.moc
1044 3653 1319 3706 tertiadecima

220 3746 314 3802 densis
328 3744 452 3803 oriunda
462 3750 620 3823 intersepta
639 3766 690 3823 pro
712 3755 799 3808 tertio
814 3754 907 3808 denus
921 3769 949 3807 a.
963 3754 981 3807 i.
995 3752 1096 3823 legitur
1105 3753 1133 3807 in
1146 3752 1228 3809 codd.
1242 3753 1320 3808 distis

219 3854 248 3906 et
269 3849 330 3905 edd.
351 3858 432 3922 vett,
457 3853 581 3923 qnoniam
604 3857 759 3911 tertiam
783 3857 964 3912 decimum
990 3856 1138 3928 praecedit.
1181 3856 1213 3911 H.
1236 3857 1275 3926 V,
1290 3855 1320 3910 2.

217 3952 354 4011 dudeco
368 3972 422 4028 pro
434 3956 536 4012 Idaeos
553 3957 616 4014 cod.
627 3958 678 4013 itia.
693 3958 786 4029 scius,
816 3960 867 4015 sed
886 3976 911 4015 c.
932 3957 962 4015 d.
983 3960 1140 4015 deducis
1156 3975 1208 4031 pro
1224 3959 1320 4014 idaeis

218 4058 304 4115 octeri
325 4076 436 4132 quoque
463 4061 525 4116 iibri
551 4060 697 4132 exhibent,
719 4061 820 4134 quippe
849 4078 929 4133 quum
957 4062 1067 4118 Tacitus
1096 4060 1113 4116 J
1120 4062 1317 4117 udaeorum

216 4178 263 4220 ree
283 4162 325 4220 iria
351 4164 423 4221 iocis
450 4165 561 4221 referat
605 4164 635 4221 0.
659 4164 709 4221 2¹.
732 4165 813 4222 codd.
836 4164 996 4225 Memmii.
1019 4173 1047 4222 ct
1069 4165 1112 4221 cd.
1134 4165 1206 4236 Spir.
1229 4178 1315 4236 prae-
